3334 5158
690 365 902 465 -ss-T

220 537 457 626 emendavimus
479 556 538 619 pro
560 535 713 600 mendosa
735 536 893 619 scriptura
915 534 1050 599 Medieei
1079 535 1153 599 libri
1169 557 1243 618 per,
1272 540 1309 600 ut
1332 539 1364 599 et

218 646 372 730 temporis
400 646 594 730 significatio
626 647 662 713 in
695 650 830 731 utroque
863 645 1095 710 enuntiationis
1127 646 1269 710 membro
1302 646 1363 709 sibi

219 757 413 844 respondeat
428 757 483 842 (ab
498 759 623 834 locante
640 758 912 842 aetate—uapor)
934 759 967 820 et
988 759 1024 820 ut
1045 756 1128 820 ratio
1143 755 1301 820 habeatur
1317 778 1363 820 er·

219 867 313 931 randi
344 867 488 952 generiS,
513 868 607 952 xquod
639 868 814 932 identidem
846 867 882 930 in
912 867 1033 952 optimo
1063 867 1146 932 libro
1178 867 1362 932 notavimus

220 978 390 1065 (am-uu).

303 1087 477 1154 Manifesto
499 1089 615 1154 mendo
638 1093 788 1174 corrupta
809 1089 906 1173 vulgo
921 1091 1087 1173 putantur,
1111 1111 1191 1173 quae
1207 1083 1298 1153 XIII.
1311 1090 1362 1154 69.

218 1199 386 1283 leguntur:
415 1199 522 1264 ‘Haeo
545 1200 585 1264 ad
607 1202 640 1264 te
663 1221 699 1264 eo
721 1190 865 1284 pluribus
888 1199 1011 1283 scripsi,
1034 1201 1071 1263 ut
1093 1199 1290 1284 intelligeres
1312 1221 1363 1264 me

218 1331 285 1374 non
300 1309 464 1396 tvulgare
486 1332 546 1376 nec
569 1311 737 1375 ambitiose
759 1311 815 1375 sed
832 1313 869 1374 ut
882 1331 941 1394 pro
956 1309 1084 1374 homine
1101 1309 1216 1374 intimo
1232 1332 1270 1374 ac
1283 1309 1363 1374 mihi

220 1421 459 1503 pernecessario
482 1421 644 1486 scribere.’
744 1468 748 1478 ι
850 1401 853 1408 ¹

302 1531 464 1596 Medieeus
488 1531 586 1597 codex
607 1533 735 1616 solyme
762 1512 920 1616 praebet,
941 1531 1127 1614 vulgariter,
1155 1531 1239 1617 quod
1266 1531 1363 1618 vulgo

218 1639 397 1726 legebatur,
422 1643 554 1727 antiqua
578 1643 732 1708 correctio
755 1645 812 1706 est.
844 1641 906 1707 Sed
928 1641 1099 1707 videndum
1120 1645 1209 1727 puto,
1233 1665 1274 1708 ne
1295 1645 1362 1708 oul-

217 1773 295 1835 9ore
315 1753 506 1818 vocabulum
528 1754 687 1818 immerito
709 1754 744 1817 in
767 1753 979 1836 suspicionem
995 1756 1143 1818 vocatum
1159 1748 1211 1837 sit,
1236 1756 1269 1818 et
1283 1775 1362 1818 sana

220 1863 465 1928 attrectaverint
487 1865 633 1929 editores.
677 1853 822 1948 Vulgare
845 1862 931 1927 enim
953 1863 1051 1927 etiam
1072 1862 1251 1927 infinitivus
1273 1863 1362 1928 verbi

114 2051 120 2062 ·
219 1966 287 2038 esse
309 1978 431 2060 potest,
461 1979 498 2039 ut
526 1975 688 2060 significet
711 1975 806 2060 vulgo
829 1975 920 2058 dare,
950 1973 1046 2058 vulgo
1068 1973 1219 2038 tribuere.
1265 1973 1303 2038 Id
1325 1977 1361 2037 ut
1432 2015 1437 2026 ·

221 2085 348 2148 credam
368 2085 469 2169 ipsius
486 2085 649 2150 Ciceronis
671 2085 776 2150 verbis
799 2085 948 2150 adducor.
978 2083 1064 2149 Nam
1086 2083 1140 2148 ille
1162 2084 1204 2148 ad
1226 2084 1362 2148 eundem

221 2194 390 2260 Servilium
405 2195 439 2259 in
455 2218 504 2280 ca,
528 2218 609 2280 quae
630 2196 773 2280 proxime
789 2195 933 2280 sequitur
948 2195 1086 2280 epistula
1100 2193 1191 2259 XIII.
1208 2195 1258 2260 70.
1281 2195 1362 2261 haec

219 2305 362 2390 scripsit:
401 2305 502 2382 ‘Quia
523 2329 589 2372 non
612 2310 661 2372 est
682 2307 817 2372 obscura
838 2309 894 2372 tua
917 2305 952 2370 in
973 2327 1024 2370 me
1046 2305 1286 2390 benevolentia,
1316 2307 1361 2372 sic

217 2416 265 2499 fit,
289 2419 325 2480 ut
346 2416 439 2480 multi
460 2439 518 2502 per
539 2439 590 2481 me
611 2417 795 2500 tibivelint
817 2416 1042 2482 commendari.
1084 2415 1155 2502 Ego
1178 2420 1285 2482 autem
1306 2417 1362 2482 tri·

218 2527 281 2590 buo
303 2549 535 2612 nonnunquam
555 2529 590 2592 in
605 2527 730 2614 vulgus,
753 2528 808 2592 sed
823 2528 1009 2613 plerumque
1024 2527 1225 2612 adversariis,
1249 2532 1286 2594 ut
1300 2529 1361 2594 hoc

217 2640 385 2722 tempore!
429 2638 535 2704 Viden
563 2642 697 2723 utroque
723 2639 793 2704 loco
817 2631 951 2702 eandem
972 2660 1040 2702 rem
1062 2639 1213 2702 narrarI?
1255 2639 1361 2704 Viden

217 2750 388 2833 utrumque
403 2749 535 2813 verbum
551 2749 695 2814 absoluta
711 2749 784 2833 dici,
801 2771 868 2814 non
882 2749 1025 2814 indicata
1039 2771 1084 2832 ra,
1101 2771 1182 2834 quae
1197 2749 1232 2813 in
1247 2749 1361 2842 vulgus

217 2859 372 2928 tribuitur
394 2862 426 2924 et
446 2858 620 2944 vulgatur?
662 2859 780 2926 Nonne
810 2859 1007 2926 simillimum
1034 2860 1101 2925 veri
1122 2859 1255 2946 vulgare
1276 2860 1361 2926 idem

145 3034 149 3041 ,
218 2969 396 3054 declarare,
427 2969 510 3054 quod
537 2969 573 3034 in
597 2969 712 3054 vulgus
740 2970 905 3034 tribucre?
948 2969 1001 3034 An
1028 2969 1145 3034 rationi
1175 2971 1376 3056 repugnat?

220 3080 268 3144 At
294 3081 559 3164 quemadmodum
585 3080 718 3165 vulgare
742 3103 854 3166 corpus
877 3081 1056 3165 dicebatur,
1084 3081 1131 3145 ita
1153 3081 1193 3144 ad
1215 3081 1300 3147 hanc
1321 3083 1361 3147 si-

216 3189 430 3256 militudinem
447 3191 544 3255 etiam
559 3191 692 3276 vulgare
708 3192 856 3276 studium,
873 3213 1012 3276 operam,
1029 3193 1178 3277 gratiam,
1203 3214 1360 3258 commen·

201 3300 381 3366 ¹dationem
403 3301 504 3366 latine
527 3301 655 3366 dixeris.
691 3301 794 3377 Quare
816 3302 851 3367 in
872 3302 988 3380 litteris
1012 3301 1284 3370 commendaticiis
1306 3304 1361 3368 ab·

218 3411 320 3477 solute
348 3411 411 3476 dici
438 3412 572 3498 vulgare
600 3414 666 3478 sive
688 3412 723 3478 in
745 3413 861 3498 vulgus
883 3414 1024 3478 tribuere
1045 3413 1165 3478 rationi
1187 3435 1264 3479 sane
1287 3435 1360 3480 con-

216 3522 316 3587 venit.
355 3522 448 3588 Oerte
471 3523 643 3608 singularis
665 3522 718 3588 hic
739 3523 828 3588 verbi
850 3546 940 3608 usus,
964 3545 1023 3589 nee
1047 3545 1119 3588 cum
1140 3524 1240 3589 ferme
1262 3526 1360 3591 vicies

217 3633 301 3717 apud
313 3632 484 3716 scriptores
495 3633 683 3717 reperiatur,
701 3634 842 3718 alioquin
851 3633 913 3698 hoc
923 3635 1055 3699 verbum
1067 3633 1210 3699 absolute
1221 3635 1359 3719 positum

218 3746 275 3809 est.
306 3742 477 3829 Significat
499 3743 585 3808 enim
607 3745 673 3809 sive
695 3765 763 3808 rem
785 3745 820 3809 in
841 3745 956 3830 vulgus
972 3765 1134 3830 spargere,
1159 3768 1359 3812 communem

216 3855 334 3939 facere,
349 3875 540 3940 propagare,
557 3854 623 3919 sive
637 3854 672 3919 in
683 3855 798 3940 vulgus
810 3855 989 3940 enuntiare,
1005 3855 1147 3939 proferre
1161 3857 1357 3942 patefacere3

216 3986 313 4050 quam
349 3964 618 4050 significationem
653 3965 865 4050 principalem
902 3988 970 4031 esse
1007 3966 1230 4032 demonstrant
1261 3969 1358 4033 verba
1456 4013 1459 4018 ·

217 4076 407 4160 composita:
442 4076 607 4162 evulgare,
640 4075 822 4161 divulgare,
850 4077 1056 4162 pervulgare,
1086 4078 1295 4164 prouulgara,
1326 4082 1359 4144 et

216 4187 452 4252 substantivum
473 4187 638 4273 vulgator;
675 4187 811 4271 denique
838 4186 923 4251 idem
950 4187 1052 4272 valet,
1082 4188 1167 4273 quod
1193 4188 1229 4253 in
1254 4187 1358 4254 lucem

217 4297 323 4382 edere,
346 4298 466 4382 publici
488 4297 566 4363 iuris
588 4299 706 4364 facere.
751 4297 848 4363 Hisce
870 4298 956 4362 haud
978 4299 1044 4364 scio
1066 4321 1109 4362 an
1132 4299 1294 4364 addendus
1316 4300 1359 4365 sit

216 4408 350 4492 simplex
374 4412 406 4473 ct
428 4409 590 4476 absolutus
618 4431 693 4474 usus
721 4409 825 4494 verbi,
858 4413 896 4474 ut
918 4409 1064 4495 vulgare,
1096 4411 1358 4494 quemadmodum

266 4519 366 4590 mr·
1190 4536 1206 4590 a
