3334 5158
248 1421 332 1512 (ium
353 1445 555 1512 Ptolemaeus
569 1444 724 1530 Auletes,
758 1444 901 1530 Aegypti
928 1465 1002 1528 rex,
1036 1467 1176 1531 eregno
1199 1446 1390 1531 expulsusa

248 1563 362 1627 senatu
376 1555 556 1643 populoque
570 1553 717 1620 Romano
731 1577 884 1640 praesens
899 1556 1075 1641 petivisset,
1097 1559 1134 1620 ut
1155 1557 1388 1640 restitueretur,

246 1672 370 1736 factum
391 1669 522 1733 senatus
546 1665 726 1730 consultum
749 1670 808 1751 est,
831 1669 868 1730 ut
889 1667 1033 1732 reductio
1055 1667 1141 1752 regis
1163 1689 1221 1751 per
1243 1668 1390 1733 1111111-

246 1784 311 1864 ret,
346 1779 400 1865 qui
427 1777 598 1862 proconsul
625 1775 772 1842 Ciliciam
793 1778 995 1862 Cyprumque
1022 1773 1156 1842 teneret.
1202 1776 1264 1844 Sed
1291 1777 1390 1844 Ham·
1479 1835 1483 1840 .

246 1891 383 1974 menius,
406 1889 532 1974 legatus
554 1889 672 1972 regius,
697 1888 751 1972 qui
773 1887 917 1972 profecto
938 1909 1015 1973 rege
1037 1888 1072 1952 in
1094 1888 1173 1952 urbe
1190 1889 1389 1983 remanebat,

222 1987 279 2068 vet
300 2024 359 2066 sua
380 2021 477 2085 opera
499 2001 531 2062 et
553 2001 664 2082 aperte
686 1999 890 2082 suppeditata
916 1999 1055 2083 pecunia
1081 1999 1114 2064 id
1136 1999 1273 2065 maxime
1296 2021 1390 2086 agere

248 2113 363 2197 coepit,
385 2115 423 2174 ut
443 2109 505 2173 hoc
526 2131 643 2172 munus
665 2109 872 2173 mandaretur
893 2108 1045 2193 Pompeio
1051 2159 1060 2192 ,
1083 2109 1138 2194 qui
1160 2110 1201 2174 ob
1222 2109 1391 2175 Mithrida·

246 2225 346 2288 ticum
373 2221 494 2286 bellum
521 2219 637 2284 eximia
665 2219 759 2283 laude
787 2219 971 2284 confectum
998 2241 1121 2284 summa
1154 2222 1238 2305 apud
1266 2224 1390 2287 exteras

246 2333 360 2419 gentes
383 2334 453 2396 erat
475 2331 681 2413 auctoritate,
711 2335 744 2394 et
770 2329 981 2395 immoderata
1007 2331 1122 2395 ductus
1145 2331 1319 2398 ambitione
1341 2354 1390 2398 re·

248 2444 363 2508 ducere
390 2463 499 2527 regem
527 2443 560 2504 et
586 2441 655 2525 ipse
684 2440 776 2504 valde
805 2441 965 2524 cupiebat.
1009 2441 1122 2526 Itaque
1145 2445 1177 2506 11
1198 2443 1307 2528 regiae
1328 2442 1390 2508 lar-

214 2539 215 2543 *
246 2553 380 2639 gitionis
395 2551 601 2635 Pompeiique
616 2551 786 2646 potestatis
800 2551 922 2616 invidia
938 2554 971 2617 et
985 2551 1151 2638 religionis
1175 2575 1282 2638 causa,
1306 2555 1390 2638 quod

246 2663 396 2748 Sibyllini
408 2683 518 2726 versus
533 2661 698 2744 vetabant,
721 2683 763 2726 ne
778 2683 834 2726 1111
850 2685 921 2726 cum
935 2664 1140 2739 multitudine
1155 2664 1388 2748 restitueretur,

245 2775 395 2840 1111111
417 2773 532 2836 senatu
553 2771 729 2835 studiorum
753 2773 1055 2859 contentionumque
1069 2775 1207 2840 varietas
1229 2776 1388 2860 apparuit,

244 2888 281 2950 11
313 2885 452 2969 quinque
485 2882 572 2946 varie
607 2881 846 2947 decernentium
880 2885 1060 2950 sententiae
1092 2886 1389 2970 pronuntiarentur,
1456 2886 1459 2893 ’

245 3017 324 3080 quas
347 2993 459 3060 (111111
489 2993 525 3057 11
558 2992 694 3077 epistula
728 2993 767 3056 ad
794 2995 831 3059 P.
854 2993 1025 3060 Lentulum
1057 2997 1281 3080 proconsulem
1313 2997 1389 3062 data

245 3105 350 3190 Epist.
375 3104 415 3169 ad
436 3103 525 3168 Fam.
548 3103 575 3168 l.
601 3103 629 3187 1,
654 3103 674 3168 3
703 3103 852 3170 editionis
880 3105 1063 3172 Orellianae
1090 3107 1177 3172 hisce
1203 3108 1308 3172 verbis
1337 3131 1389 3174 ex·

245 3215 351 3302 ponit:

329 3325 509 3390 ‘Hortensii
532 3327 565 3390 et
586 3347 657 3390 mea
679 3328 712 3390 et
733 3325 859 3392 Luculli
882 3329 1044 3396 sententia
1073 3329 1157 3394 cedit
1177 3329 1327 3415 religioni
1350 3331 1388 3395 de

246 3437 406 3502 excercitu
427 3437 594 3500 -teneri
617 3437 702 3500 enim
724 3459 775 3502 res
798 3438 893 3502 aliter
913 3461 980 3504 non
1002 3442 1119 3526 potest,
1135 3479 1178 3488 —-
1193 3441 1248 3505 sed
1271 3463 1309 3506 ex
1331 3441 1387 3505 illo

245 3551 374 3612 senatus
397 3547 553 3632 consulto,
577 3547 661 3632 quod
682 3550 715 3612 te
737 3549 897 3614 referente
919 3549 1042 3614 factum
1064 3553 1123 3635 est,
1152 3550 1213 3615 tibi
1234 3551 1387 3633 decernit,

203 3657 205 3663 '
245 3661 281 3722 ut
301 3679 412 3742 regem
434 3658 584 3741 reducas,
617 3659 700 3742 quod
729 3659 892 3724 commodo
919 3660 1114 3744 reipublicae
1140 3661 1246 3726 facere
1268 3662 1387 3746 possis3

245 3771 280 3832 ut
313 3767 487 3857 exereitum
520 3768 634 3854 religio
667 3768 776 3852 tollat,
813 3772 845 3833 te
879 3773 1041 3836 auctorem
1074 3773 1205 3836 senatus
1237 3773 1385 3836 retineat.

245 3877 377 3944 Crassus
398 3880 464 3942 tres
486 3879 610 3965 legatos
633 3879 787 3964 decernit,
810 3902 870 3945 111
893 3880 1034 3946 excludit
1052 3881 1254 3966 Pompeium,
1278 3885 1388 3946 censet

245 3989 331 4053 enim
353 3989 451 4054 etiam
473 4011 513 4054 ex
533 3990 584 4073 iis,
608 3990 663 4074 qui
679 4012 751 4054 cum
765 3991 899 4076 imperio
915 3992 996 4056 sint:
1019 3991 1154 4056 Bibulus
1175 3995 1240 4056 tres
1263 3992 1387 4077 legatos

244 4120 282 4162 cx
303 4099 353 4182 iis,
377 4099 431 4183 qui
447 4099 566 4183 privati
581 4103 666 4164 sunt.
711 4099 798 4166 Huic
820 4102 1041 4167 assentiuntur
1062 4103 1175 4188 reliqui
1192 4103 1385 4186 consulares,

243 4211 371 4292 praeter
393 4208 578 4295 servilium,
607 4212 661 4296 qui
684 4211 815 4276 omnino
836 4212 945 4277 reduci
966 4217 1068 4298 negat
1089 4215 1234 4298 oportere
1257 4213 1386 4278 111111-

146 4318 149 4322 ’
244 4319 378 4404 catium,
413 4320 468 4404 qui
489 4319 578 4405 Lupo
606 4321 765 4386 referente
787 4322 940 4407 Pompeio
962 4324 1120 4408 decernit,
1150 4327 1182 4388 11
1204 4324 1387 4409 Afranium,

243 4429 295 4515 qui
326 4431 500 4498 assentitur
527 4429 686 4500 Volcatio.
732 4432 819 4514 Quae
847 4455 897 4502 res
927 4437 1024 4526 auget
1052 4435 1265 4527 suspicionem
1294 4433 1386 4506 Pom·
