3334 5158
758 337 970 403 -28-

294 509 442 592 dendum.
486 507 564 586 Quis
586 509 672 574 enim
694 530 836 594 unquam
842 559 851 593 ,
879 509 934 593 qui
956 509 1057 574 latine
1078 531 1157 594 pure
1179 512 1213 575 ei
1232 532 1271 575 cx
1291 514 1435 576 veterum

294 619 510 684 Romanorum
527 622 635 684 usust
651 619 880 685 cousuetudine
894 619 1020 685 locuius
1035 623 1093 704 est,
1115 623 1222 685 ’cuium
1237 621 1328 705 dixii,
1352 621 1434 706 quod

295 733 418 795 certum
440 731 512 795 esd?
550 729 708 815 Equidem
730 731 783 795 vix
804 752 929 815 vereor,
951 752 993 796 ne
1016 731 1200 815 conieqturc
1222 731 1435 797 aberraverim

295 841 320 906 si
337 838 524 908 Ciceronem
546 839 626 905 haec
640 840 806 926 scripsisse
822 842 981 926 suspicor:
1004 840 1141 907 Faciam
1155 863 1226 926 erqo
1241 835 1329 922 illud,
1353 843 1436 925 quod

295 956 423 1035 sequtus
443 970 528 1030 sum,
557 956 594 1017 ct
614 970 735 1032 eorum,
764 973 844 1034 quae
866 954 1012 1036 temporis
1032 953 1128 1020 huius
1149 955 1226 1033 sict,
1250 973 1435 1036 quecunque

294 1062 348 1127 eia
370 1061 509 1140 audiero,
531 1081 571 1127 cc
592 1063 670 1146 quid
690 1047 834 1145 iquoresss

378 1169 481 1235 Parvo
496 1171 706 1256 incommod0‚
731 1172 786 1237 sed
801 1172 884 1257 quod
900 1171 998 1238 allato
1021 1172 1204 1238 adiumento
1220 1174 1318 1238 etiem
1333 1174 1435 1238 maius

175 1355 180 1370 Ι
294 1280 491 1365 factumest,
516 1301 554 1346 es
567 1281 726 1366 laborant,
750 1304 831 1367 quse
845 1282 902 1347 IX.
921 1284 970 1348 18.
987 1282 1155 1369 leguntur:
1179 1282 1256 1349 ‘Sed
1272 1285 1433 1369 quonism,
1519 1267 1528 1286 ⁰

293 1393 331 1455 ui
351 1390 452 1475 video,
475 1391 714 1457 aestimationes
735 1395 808 1458 mas
830 1393 967 1458 vendere
989 1415 1056 1459 non
1077 1396 1185 1478 potes,
1212 1415 1315 1479 neque
1338 1394 1435 1459 ollam

294 1500 497 1567 denariorum
518 1502 651 1587 implere
658 1551 668 1588 ‚
691 1502 828 1568 Romam
849 1503 909 1568 tibi
931 1503 1170 1590 remigrandum
1193 1507 1261 1572 ess’

379 1611 431 1676 lta
453 1611 592 1680 Orellius
620 1616 652 1677 et
678 1616 752 1698 post
780 1635 851 1678 eum
874 1597 1010 1680 cdiiores
1032 1613 1238 1698 Turiccnses3
1270 1617 1366 1679 endec
1393 1615 1437 1680 le-

295 1723 447 1809 gebenn:
482 1724 537 1790 sed
557 1725 693 1808 quaudo,
717 1729 753 1790 ct
773 1726 869 1790 uideo.
914 1723 1075 1790 Mediccus
1105 1725 1203 1790 codex
1224 1724 1337 1790 hebet:
1374 1725 1438 1792 Sec

296 1836 444 1916 quomodo
466 1835 553 1901 video
575 1834 659 1919 quod
680 1835 750 1899 sine
772 1833 868 1899 dubio
889 1835 1114 1920 corrigendum
1129 1837 1194 1900 cst:
1217 1835 1280 1901 Sed
1300 1857 1436 1919 quoquo-

193 2009 204 2030 ,
294 1947 384 2010 :nodo
405 1947 501 2025 viden,
524 1945 578 2030 qui
601 1966 688 2009 error
707 1937 814 2009 eciam
829 1945 973 2010 sublatus
996 1948 1044 2010 cst
1065 1944 1106 2025 V,
1121 1945 1173 2010 20.
1197 1946 1243 2010 in.
1273 1945 1364 2011 Hace
1379 1968 1434 2031 ge·
1461 2018 1465 2030 :

294 2055 418 2120 minate
438 2055 637 2140 pronominis
659 2054 762 2119 forme
784 2077 881 2140 quam
901 2055 1053 2140 frequens
1075 2055 1159 2140 apud
1172 2055 1360 2122 Ciceronem
1382 2057 1435 2140 sie,

294 2164 329 2230 hi
349 2165 423 2250 loci,
447 2187 524 2250 quos
545 2165 632 2231 infre
653 2165 756 2250 posui,
785 2168 884 2230 testes
906 2166 988 2230 sint:

378 2276 440 2361 Ep.
464 2275 504 2341 ad
526 2275 615 2341 Fam.
637 2275 664 2341 Ι.
687 2277 718 2342 5.
743 2297 777 2340 a:
811 2276 1030 2361 quoquomodo
1052 2298 1086 2341 se
1108 2298 1159 2342 res
1181 2276 1280 2343 hebet

332 2413 340 2439 e
379 2387 423 2452 ib.
446 2386 504 2452 IV.
523 2386 578 2450 12:
601 2385 743 2473 (Servius
766 2386 806 2450 ed
829 2385 910 2472 Cic.)
935 2388 1153 2472 quoquomodo
1175 2410 1225 2453 res
1248 2411 1281 2453 se
1303 2387 1438 2455 heberet

379 2498 421 2564 ib.
445 2497 486 2562 V.
510 2497 565 2563 20:
588 2496 807 2582 quoquomodo
828 2497 1004 2581 potuissem
1025 2500 1058 2562 ie
1082 2498 1298 2564 convenissem

381 2608 425 2676 ib.
448 2607 506 2674 IX.
530 2609 565 2673 6:
602 2611 639 2672 ui
666 2607 885 2693 quoquomodo
906 2607 941 2672 in
963 2608 1023 2673 cali
1044 2630 1079 2674 re
1101 2611 1196 2693 eique
1217 2612 1359 2693 tempore
1382 2613 1440 2674 eui

446 2719 616 2784 Iibc'rcrem
637 2722 670 2783 ic
692 2719 755 2783 iste
778 2740 865 2802 cura,
889 2721 945 2783 aui
967 2721 1052 2783 cerie
1074 2718 1213 2784 levarem
1347 2779 1351 2789 ,

379 2830 423 2895 ib.
447 2829 538 2894 VIII.
561 2831 620 2894 37:
642 2829 862 2914 quoquomodo
884 2831 992 2894 eutem
1014 2851 1047 2893 se
1069 2849 1120 2894 res
1142 2829 1241 2894 habet

379 2941 422 3006 ib.
446 2939 535 3006 XIV.
558 2941 594 3006 4:
623 2940 842 3025 quoquomodo
863 2942 955 3023 potes
977 2940 1018 3004 ed
1038 2961 1090 3004 mc
1110 2939 1164 3004 fec
1185 2939 1295 3004 venies

379 3052 441 3116 ib.:
463 3051 517 3115 sed
542 3054 627 3117 certe
649 3050 867 3136 quoquomodo
890 3071 923 3114 se
945 3071 995 3114 res
1017 3050 1151 3114 habebit

380 3163 420 3227 ed
442 3163 513 3226 Ate.
536 3161 594 3226 IX.
617 3161 653 3227 2:
676 3182 801 3245 quoquo
822 3163 965 3244 tempore
986 3159 1085 3224 fuerit

379 3273 423 3338 ib.
446 3272 538 3337 VIII.
561 3274 596 3338 3:
619 3271 838 3356 quoquomodo
860 3292 897 3335 ee
918 3293 969 3336 res
991 3270 1066 3336 huic
1088 3270 1216 3355 quidem
1238 3269 1353 3335 cecidit

380 3383 424 3447 ib.
448 3382 520 3448 XV.
544 3383 580 3447 4:
603 3381 843 3467 quoquomodo
866 3403 926 3466 ego
949 3381 987 3446 dc
1009 3379 1095 3446 illius
1117 3381 1225 3464 nervis
1247 3380 1394 3444 existimo

380 3515 438 3578 pro
460 3493 571 3558 Rebir.
595 3493 652 3557 21:
675 3513 798 3578 quoquo
822 3491 953 3556 consilio
974 3490 1053 3556 fecit

380 3603 410 3668 d.
433 3605 498 3690 leg.
522 3625 591 3688 agr.
614 3603 658 3668 H.
683 3603 742 3668 70:
765 3623 891 3687 quoquo
913 3601 1016 3685 pretio
1039 3603 1201 3685 codmpIus
1224 3602 1286 3665 erit

381 3715 421 3779 sd
442 3714 551 3791 Quinc.
574 3715 650 3778 fret.
674 3713 700 3778 I.
724 3713 755 3778 2.
778 3713 814 3778 4:
843 3712 892 3776 Tu
914 3711 1132 3796 quoquomodo
1146 3748 1190 3758 -
1204 3710 1366 3775 hominem
1387 3711 1435 3775 in·

447 3827 587 3910 vestiges
608 3824 704 3890 velim
1411 3891 1417 3902 ‚

380 3935 464 4002 Phil.
487 3935 544 4000 VI.
571 3936 625 4000 19:
652 3955 747 4019 quem
769 3933 917 4016 tulimus,
942 3931 1180 4017 quoquomodo
1202 3930 1352 3996 ferendus
1374 3929 1439 3994 fuit

380 4069 439 4132 pro
460 4045 528 4110 Mil.
551 4047 609 4112 93:
632 4065 757 4130 quoquo
779 4044 871 4108 modo
895 4042 956 4108 crii
976 4041 1091 4106 merita
1113 4041 1224 4106 deme
1339 4049 1342 4054 '

381 4159 416 4223 in
437 4157 530 4222 Verr.
555 4159 617 4221 eci.
642 4177 705 4220 sec.
728 4153 771 4219 ΙΙ.
796 4155 851 4220 7οε
884 4174 1009 4238 quoquo
1036 4151 1130 4217 modo
1153 4173 1187 4216 se
1208 4152 1244 4216 in
1267 4172 1305 4216 ce
1326 4171 1437 4234 quaes·

447 4268 535 4332 tione
557 4266 733 4352 praebebat
1144 4305 1147 4312 -

381 4379 424 4454 ib.
437 4378 478 4444 V.
491 4377 547 4442 38:
570 4379 606 4441 tu
621 4397 692 4449 cum
705 4396 789 4440 esses
800 4377 930 4466 praetor
940 4374 1142 4458 renuntiatus
1151 4392 1331 4461 —quoquo
1345 4369 1438 4438 modo
