3334 5158
797 378 986 442 -6,

319 550 517 616 conscientia
538 549 722 614 iuveniliter
744 547 968 632 exsultantem,
993 547 1033 611 ad
1055 547 1280 612 verecundiam
1302 568 1460 630 revocare,

319 661 417 726 alium
439 659 540 724 multa
562 660 805 745 degustantem,
835 661 871 722 ut
897 678 1070 742 paucorum
1092 657 1285 742 scriptorum
1307 679 1340 722 se
1363 657 1463 722 aleret

221 809 224 818 ·
319 770 461 856 ingeniis
483 791 628 854 monere,
652 769 747 833 113133
754 818 764 853 ,
791 767 845 852 qui
869 767 995 832 consilii
1016 769 1110 852 inops
1134 771 1218 852 erat,
1248 767 1404 832 desideria
1425 767 1462 831 li·

319 881 434 952 benter
456 880 622 963 exaudire,
645 879 737 943 illum
758 877 846 942 velut
868 877 1063 962 exemplum,
1092 879 1128 942 in
1155 877 1238 962 quod
1267 877 1321 942 alii
1344 899 1377 942 se
1399 878 1462 942 for-

322 993 465 1075 marent,
489 1010 678 1076 proponere,
702 1009 812 1053 omnes
834 987 971 1072 denique
994 987 1337 1072 voluutatc„oonsilio',
1360 1009 1394 1052 re
1416 988 1463 1052 ita

323 1102 443 1184 iuvare,
467 1103 505 1164 ut
527 1100 651 1164 siucero
674 1099 781 1163 animo
796 1097 842 1162 Te
864 1101 1010 1163 verentes
1025 1097 1112 1163 Tuae
1133 1097 1321 1182 disciplinae
1335 1099 1464 1182 penitus

320 1211 501 1275 sedarent.
546 1208 650 1285 Quare
678 1230 844 1293 nunquam
871 1208 999 1272 suavius
1027 1208 1172 1272 adfectus
1198 1210 1308 1273 noster
1337 1209 1463 1274 animus

319 1323 378 1405 est,
402 1342 497 1405 quam
514 1342 585 1384 cum
600 1319 730 1403 plurimi
745 1319 965 1383 adulescentes
979 1318 1174 1404 philologiae
1190 1340 1286 1383 causa
1301 1340 1463 1384 sermones

321 1431 514 1496 conferendo
536 1429 754 1514 vespertinum
775 1432 902 1512 tempus
924 1428 1044 1493 Tecum
1067 1429 1241 1514 agebamus
1263 1428 1419 1494 hilariter.

404 1539 487 1616 Quid
516 1541 623 1604 autem
650 1539 755 1603 dicam
782 1539 821 1603 de
849 1537 966 1603 scholis
988 1539 1090 1603 Tuis?
1132 1537 1250 1604 Utrum
1276 1540 1381 1626 magis
1410 1540 1463 1604 ad·

319 1651 516 1715 mirabamur
542 1649 741 1714 reconditam
768 1649 870 1713 Tuam
898 1649 1124 1734 eruditionem,
1158 1671 1221 1735 qua
1248 1650 1341 1715 nobis
1369 1672 1462 1736 expo-

320 1761 420 1825 nebas
442 1761 687 1846 grammaticam
708 1759 855 1843 latinam,
879 1781 922 1823 an
943 1759 1061 1823 mirum
1081 1761 1207 1845 ingenii
1228 1781 1377 1845 acumen,
1401 1783 1463 1846 quo

322 1869 571 1955 corruptissimis
586 1869 777 1954 scriptorum
799 1869 878 1934 locis
900 1869 1004 1934 lucem
1020 1870 1196 1954 adferebas,
1220 1893 1263 1934 au
1284 1871 1321 1934 in
1342 1893 1377 1936 re
1398 1893 1463 1936 me·

320 1981 403 2045 trica
419 2001 511 2045 aures
527 1963 736 2064 doctissimas,
759 2001 802 2044 33
817 1979 959 2046 1111111331
981 1980 1016 2045 13
1038 1980 1132 2045 rebus
1147 1979 1341 2065 indagandis
1357 1982 1464 2046 soller-

321 2091 419 2174 tiam,
449 2113 491 2154 an
520 2090 666 2154 concisae
689 2092 722 2155 et
743 2091 902 2154 masculae
924 2090 1078 2155 orationis
1100 2090 1270 2174 impetum,
1300 2114 1343 2155 an
1366 2091 1464 2156 adrui-

322 2199 455 2265 rabilem
479 2200 668 2266 facultatem
691 2222 739 2284 aa,
763 2222 844 2284 quae
865 2203 1034 2285 perspecta
1055 2199 1200 2284 113113133,
1224 2201 1388 2286 tradendi,
1422 2225 1464 2266 an

324 2311 407 2395 quod
436 2310 544 2374 omnia
570 2311 605 2374 in
627 2311 673 2375 Te
701 2333 824 2375 summa
846 2309 963 2374 erant?
1005 2310 1148 2396 Dignum
1172 2332 1250 2375 sanc
1272 2312 1463 2398 exemplum,

322 2421 406 2505 quod
427 2421 567 2506 impigra
590 2442 666 2485 cura
694 2424 726 2485 et
752 2420 912 2485 indefesso
940 2419 1048 2485 labore
1070 2421 1279 2485 imitaremur.
1325 2421 1370 2487 Et
1391 2445 1465 2488 vero

322 2530 466 2615 plerique
488 2533 634 2595 nostrum
655 2530 701 2595 ita
722 2530 944 2595 tantummodo
967 2531 1028 2594 sibi
1050 2530 1288 2616 satisfecerunt,
1312 2535 1348 2596 ut
1363 2533 1465 2598 multa

323 2641 451 2705 demum
477 2643 572 2706 noete
599 2641 640 2705 ad
668 2640 807 2726 quietem
835 2663 868 2706 33
896 2641 1087 2726 recipientes
1109 2641 1160 2706 vel
1182 2641 1286 2706 somni
1307 2642 1464 2708 beneficio

325 2773 359 2815 se
380 2750 579 2816 fraudarent.

409 2859 471 2926 sed
504 2864 632 2946 praeter
664 2861 722 2925 1133
747 2861 879 2926 'scholas
912 2861 1184 2926 fructuosissimas
1217 2862 1298 2928 alius
1331 2864 1466 2949 patebat

329 2993 474 3056 campus,
507 2971 563 3036 ubi
591 2971 800 3036 saluberrima
828 2971 1010 3056 disciplina·
1025 2972 1109 3036 vires
1136 2975 1265 3037 nostrae
1293 2974 1340 3038 ita
1362 2974 1466 3039 adole-

325 3084 467 3166 scerent,
502 3084 539 3146 ut
568 3081 652 3166 quod
679 3082 817 3146 maxime
846 3081 1036 3146 haberemus
1062 3081 1261 3167 propositum
1282 3083 1467 3150 felicissime

326 3213 604 3277 consequeremur:
640 3193 711 3257 dico
741 3192 948 3256 seminarium
980 3191 1219 3278 philologicum.
1269 3193 1318 3258 Ibi
1351 3197 1388 3259 ut
1421 3195 1466 3260 Te

326 3303 404 3366 duce
427 3305 460 3366 31
483 3302 610 3386 auspice
636 3305 760 3367 veteres
789 3301 960 3386 scriptores
986 3302 1191 3388 intelligendi
1214 3303 1466 3390 aestimandique

326 3415 438 3477 artem·
448 3412 699 3496 perdisceremus
721 3414 917 3496 quantopere
940 3411 1160 3476 alliciebamur
1181 3413 1465 3500 trahebamurque!

326 3522 472 3598 Quantus
494 3522 687 3606 optimorum
710 3521 1077 3614 adulescentiumyuardor
1097 3522 1174 3606 fuit,
1204 3526 1240 3587 ut
1262 3545 1347 3609 eam,
1372 3547 1467 3610 quarn

330 3632 377 3696 'ru
400 3635 529 3716 praeter
552 3634 673 3697 ceteros
695 3631 849 3712 callebas,
872 3632 939 3696 veri
961 3631 1181 3718 investigandi
1202 3635 1361 3700 rationem
1384 3657 1467 3702 asse-

326 3743 516 3826 querentur!
560 3742 605 3807 111
636 3745 674 3808 31
705 3741 792 3806 illius
819 3746 892 3807 voto
920 3742 1047 3808 abunde
1080 3744 1282 3810 satisfactum
1315 3749 1379 3830 est,
1413 3747 1467 3830 qui

309 3851 490 3916 seminani
511 3851 698 3937 philologici
713 3852 874 3916 sodalibus
895 3853 1074 3937 adscriptus
1090 3837 1184 3939 ester,
1207 3855 1254 3919 ia
1275 3855 1370 3940 irem,
1395 3878 1467 3921 eum

328 3961 466 4026 sollertis
482 3964 515 4026 31
529 3961 748 4026 consideratae
771 3962 1026 4028 ratiocinationis
1048 3963 1174 4029 laudem
1196 3964 1253 4029 abs
1269 3964 1314 4029 Te
1329 3966 1465 4051 tulisset,

328 4072 412 4156 quod
433 4071 582 4137 1111131331
605 4075 689 4136 33331
710 4072 887 4156 optandum
909 4073 970 4138 sibi
992 4074 1160 4138 videbatur
1182 4075 1343 4140 assecutus
1366 4097 1444 4142 esse.

412 4181 474 4246 Illa
511 4184 618 4246 autem
654 4182 706 4246 via
742 4183 903 4248 acuendae
935 4183 1170 4268 intelligentiae
1205 4205 1363 4268 quaenam
1394 4186 1468 4251 est?

328 4291 410 4357 Visu
442 4292 568 4377 quidem
599 4276 774 4378 ¹facillima,
812 4294 868 4358 sed
900 4269 1010 4358 eadem
1041 4294 1172 4358 omnino
1204 4293 1312 4359 ardua.
1356 4281 1467 4381 Neque

236 4395 238 4402 ’
329 4403 415 4468 enim
438 4402 607 4468 artificium
629 4403 788 4487 quoddam
811 4407 874 4488 est,
897 4404 981 4488 quod
1002 4403 1141 4469 traditur
1163 4407 1195 4470 et
1217 4404 1388 4492 accipitur,
1412 4408 1468 4473 sed
