3334 5158
683 367 896 432 ..43„.

215 537 313 626 ronis
326 536 501 600 studiorum
524 537 685 601 aemulum
713 559 746 602 se
769 559 837 602 esse
859 537 980 601 fatetur
1002 538 1172 602 etaetatis
1195 559 1270 602 suae
1292 537 1359 601 diu-

213 649 317 712 tinam
329 646 524 711 ‘servitutem
540 648 714 731 quaeritur.
744 647 851 732 Magis
874 647 969 712 etiam
993 643 1107 731 elucet,
1131 647 1212 731 quod
1229 645 1266 712 C.
1283 646 1358 713 Cas-

215 758 298 822 sium
319 756 542 858 proconsulem
563 757 598 820 in
616 758 729 821 Asiam
751 760 878 822 secutus
901 761 960 841 est,
984 757 1050 822 sive
1072 757 1173 843 ipsius
1195 758 1261 823 sive
1283 757 1358 822 Tre

217 867 488 950 boniiquaestor.
513 867 554 930 of.
578 866 657 931 Ern.
682 867 729 933 Cl.
754 867 821 933 Cic.
845 892 877 952 p.
904 868 975 932 128.

149 985 151 992 '
299 977 381 1052 Quid
403 977 441 1040 in·
460 977 544 1040 bello
567 980 679 1041 contra
693 977 903 1070 ¹Dolabellam
924 978 1086 1062 gessisset,
1110 980 1179 1062 ipse
1201 979 1356 1062 exposuit.

215 1087 340 1152 Deinde
363 1110 382 1150 a
404 1086 530 1172 Cassio,
556 1109 643 1171 cum,
667 1092 703 1151 ut
725 1110 815 1152 arma
837 1111 895 1154 sua
918 1111 990 1153 oum
1012 1087 1112 1153 Bruto
1135 1089 1356 1173 coniungeret,

215 1199 251 1261 in
272 1197 495 1260 Macedoniam
515 1198 678 1281 profectus
702 1202 793 1284 esset,
815 1199 851 1263 in
866 1199 959 1283 Syria
982 1222 1054 1264 cum
1076 1221 1141 1262 una
1162 1200 1289 1284 legione
1311 1220 1358 1262 re-

215 1307 311 1372 lictus
334 1309 397 1390 est,
426 1310 462 1370 ut
489 1307 660 1392 Appianus
688 1311 801 1372 narrat
828 1309 858 1372 d.
887 1309 926 1374 B.
951 1309 986 1374 C.
1012 1331 1038 1374 c.
1062 1309 1119 1374 63:
1156 1309 1258 1374 Αὐτὸς
1280 1309 1357 1376 δὲὸ

218 1419 347 1484 Κὰεειοε
368 1419 429 1483 τὸνΙ
450 1421 507 1499 μὲν
531 1419 728 1501 ἀδελφιδοῦν
751 1421 786 1486 ἐν
804 1420 899 1503 (spic
914 1421 981 1500 μεθ’
996 1420 1069 1486 troc
1082 1421 1198 1485 τέλοοε
1213 1421 1357 1485 ἀπέλιπε.

301 1526 364 1592 Sed
378 1527 487 1611 paullo
501 1531 575 1611 post
590 1529 763 1592 exercitum
776 1533 903 1594 secutus
914 1530 1035 1613 proelio
1046 1528 1248 1613 Philippensi
1259 1528 1358 1592 inter-

129 1720 136 1726 ,
214 1639 278 1702 fuit
305 1641 338 1702 et
359 1638 394 1702 in
417 1637 518 1702 altera
539 1660 651 1723 pugna
673 1639 835 1703 obstinato
858 1641 898 1704 ad
918 1639 1116 1704 moriendum
1138 1639 1242 1704 animo
1270 1660 1357 1703 acer-

215 1748 295 1812 rime
318 1747 474 1812 dimicans
498 1748 622 1812 ceoidit.
653 1750 794 1833 Appian.
818 1751 840 1813 l.
863 1750 885 1813 l.
904 1751 980 1814 135:
1004 1727 1035 1815 οἱ
1050 1751 1086 1815 δὲ
1107 1751 1160 1815 καὶ
1181 1750 1359 1830 ἐξεπίτηδεε

216 1857 409 1938 ἐμαχέεαντο
432 1860 522 1940 μέχρι
544 1860 701 1926 θανάτου·
725 1860 771 1926 ὧν
794 1861 833 1940 ἦν
849 1860 980 1926 Λεύκιός
1002 1881 1036 1926 τε
1060 1861 1199 1942 Κάεειοε,
1224 1859 1243 1925 ὁ
1266 1860 1356 1926 ἀδελ-

216 1973 332 2049 φιδοῦ(
355 1969 455 2034 αὐτοῦ
476 1955 621 2035 Καεείου.

300 2076 410 2141 Unum
432 2065 586 2162 superest,
610 2070 694 2162 quod
716 2101 968 2144 commemorem.
1013 2079 1175 2164 Quotquot
1200 2081 1286 2144 enim
1309 2079 1359 2145 Ci-

217 2189 340 2252 ceronis
362 2188 538 2252 familiares
560 2189 685 2253 litteras
707 2191 747 2253 ad
763 2213 835 2254 eum
850 2191 1057 2274 scripsenrnt,
1080 2191 1135 2274 qui
1149 2193 1225 2254 sunt
1239 2190 1358 2274 viginti

216 2299 287 2382 duc,
310 2301 438 2382 praeter
461 2298 607 2382 Galbam,
636 2299 785 2363 Asinium
807 2299 994 2384 Pollionem,
1022 2298 1204 2383 Lentulum,
1228 2299 1357 2364 Lentuli
1438 2313 1440 2316 ’

216 2407 380 2493 Spintheri
402 2408 512 2491 filiurn,
536 2431 691 2493 responsa
712 2409 865 2474 tulerunt.
895 2411 948 2474 Ad
971 2431 1047 2494 quos
1070 2410 1136 2474 siue
1159 2409 1269 2475 Cicero
1291 2425 1357 2474 non

215 2518 392 2602 rescripsit,
418 2518 484 2582 sive
506 2519 700 2586 interierunt
721 2541 803 2604 quae
818 2519 992 2604 rescripsit,
1018 2524 1103 2585 certe
1118 2519 1264 2604 pluribus
1278 2520 1357 2584 locis

215 2629 261 2692 ita
276 2649 329 2692 eos
345 2629 613 2712 commemoravit,
636 2631 672 2692 ut
694 2629 755 2717 sibi
777 2629 1055 2694 coniunctissimos
1076 2629 1175 2694 fuisse
1191 2633 1355 2713 appareat.

215 2737 267 2801 Ita
300 2736 422 2802 Galbae
453 2739 574 2802 mentio
606 2739 649 2815 fit¹
676 2738 732 2802 XI.
768 2739 817 2803 18.
845 2737 902 2803 VI.
932 2739 982 2802 18.
1021 2739 1160 2823 Philipp.
1186 2739 1275 2804 XIII.
1302 2741 1356 2822 163

80 2855 81 2860 ’
216 2848 324 2911 Asinii
345 2846 499 2912 Pollionis
521 2847 579 2912 IX.
603 2848 653 2912 25.
678 2847 735 2912 XI.
760 2848 795 2932 93
827 2847 954 2913 Lentuli
974 2847 1004 2912 ·Ι.
1035 2850 1063 2914 7.
1094 2849 1120 2913 Ι.
1150 2848 1278 2915 91V11.
1301 2851 1354 2914 26.

216 2947 274 3041 pro
296 2956 400 3021 Sestio
422 2957 472 3022 69.
499 2958 569 3022 144.

300 3065 392 3132 Solus
413 3067 450 3132 P.
475 3069 604 3134 Cassius
625 3068 749 3133 iuvenis
779 3091 797 3132 a
826 3069 979 3134 Cicerone
1007 3091 1068 3133 nec
1094 3090 1283 3153 responsum
1305 3092 1357 3134 ac·
1453 3147 1455 3150 Ι

216 3177 309 3262 cepit,
342 3199 403 3242 nee
434 3178 499 3242 ullo
531 3177 712 3262 appellatur
740 3179 820 3243 loco
866 3178 1096 3243 Verumtamen
1128 3178 1259 3243 dubium
1290 3201 1357 3243 non

216 3290 274 3370 cst,
296 3287 383 3371 quin,
408 3288 435 3351 si
451 3286 613 3352 Ciceronis
628 3287 755 3352 litterae
771 3289 810 3351 ad
826 3286 862 3352 L.
880 3288 1026 3354 Cassium
1039 3291 1165 3373 patrem
1180 3291 1354 3372 exstarent,

215 3398 299 3461 filius
322 3397 449 3461 ‘eximia
470 3419 526 3482 spe
549 3390 752 3482 summaeque
774 3399 902 3463 virtutis
925 3399 1120 3465 adolescens'
1149 3400 1190 3463 ab
1213 3421 1249 3464 eo
1272 3403 1357 3465 esset

215 3507 404 3592 appellatus.

299 3616 464 3681 Hactenus
478 3617 526 3681 ita
537 3617 769 3701 disputavimus
783 3621 820 3682 ut
835 3619 956 3683 duobus
968 3620 1112 3704 Appiani
1126 3621 1205 3684 locis
1220 3621 1355 3686 eundem

216 3726 361 3793 Cassium
383 3727 558 3810 significari
574 3727 837 3792 existimaremus.
868 3728 937 3794 Nec
952 3729 1080 3794 iniuria.
1111 3729 1254 3814 Utroque
1270 3731 1356 3794 enim

215 3838 284 3901 loco
300 3836 319 3902 ὁ
335 3837 530 3918 ἀδελφιδοῦ(
547 3839 677 3904 Kourion
693 3838 819 3922 dicitur,
842 3843 875 3903 et
889 3840 972 3924 quod
995 3839 1095 3904 altero
1118 3839 1188 3904 loco
1211 3839 1353 3904 additum

215 3950 264 4010 est
278 3967 455 4030 pronomen
469 3949 615 4031 deduce,
637 3948 670 4011 id
685 3951 854 4032 propterea
868 3949 991 4014 factum
1006 3953 1065 4034 est,
1088 3951 1173 4035 quod
1189 3972 1256 4014 non
1271 3949 1354 4014 solus

216 4047 487 4121 commemoratur
506 4057 562 4121 sed
588 4057 674 4122 inter
702 4058 808 4142 plures
834 4059 1024 4124 fortitudine
1053 4063 1085 4124 et
1115 4053 1297 4124 constantia
1319 4062 1354 4126 in

215 4166 327 4231 ultimo
343 4167 525 4232 discrimine
541 4168 717 4232 eminentes
736 4169 884 4234 refertur.
914 4170 961 4233 At
975 4171 1131 4254 quomodo
1146 4171 1187 4234 ab
1202 4171 1354 4256 Appiano

216 4277 347 4344 Λεύκιος
372 4279 499 4344 Κάεειοε
531 4277 593 4342 dici
626 4280 743 4363 potest,
777 4279 832 4362 qui
864 4280 899 4344 in
932 4280 1142 4365 inscriptione
1175 4280 1355 4345 litterarum

216 4385 251 4452 C.
267 4385 395 4453 Cassius
410 4387 481 4452 est?
509 4387 574 4454 Hie
589 4391 674 4454 certe
688 4389 887 4474 pronominis
910 4412 997 4472 error
1020 4393 1078 4468 est.
1111 4390 1223 4481 Neque
1244 4393 1354 4464 tamen
