3324 5162
675 398 1016 472 -31--Ι

206 567 363 650 posterior
378 565 504 630 demum
520 568 608 630 aetas
626 567 806 650 coniunxit,
830 567 871 630 of.
890 564 1000 630 Senec.
1018 565 1168 630 Controv.
1184 566 1216 630 3.
1234 567 1289 631 18:
1312 570 1348 631 ut

206 675 296 739 illum
319 697 456 760 versum,
480 698 542 760 quo
565 677 673 741 aiebat
693 698 793 740 unum
816 676 979 740 meliorem
1001 675 1139 740 inveniri
1162 698 1227 741 non
1242 698 1345 761 posse.

289 785 398 851 Verba
421 786 588 872 Ciceroris,
612 809 693 872 quae
715 786 755 852 X.
786 786 827 851 14
847 786 1009 872 leguntur,
1033 786 1068 851 in
1091 786 1204 871 quibus
1227 787 1348 873 aliquid

205 897 297 982 pravi
319 898 447 963 subesse
469 899 533 962 iam
556 897 611 962 diu
635 898 799 984 cognitum
822 900 881 982 est,
905 887 940 961 in
961 897 1101 964 editione
1116 897 1279 962 Orelliaua
1300 900 1348 963 ita

207 1009 381 1073 constituta
396 1012 485 1074 sunt:
509 1008 683 1094 ‘Equidem
699 1009 925 1094 exspectabam
939 1009 1004 1073 iam
1019 1011 1092 1073 tuas
1113 1007 1238 1074 litteras
1252 1009 1347 1095 idque

207 1141 278 1184 cum
299 1119 425 1205 multis,
447 1121 677 1206 sperabamque
699 1119 798 1184 etiam
813 1119 968 1204 Lepidum
989 1121 1036 1184 rei
1057 1119 1205 1204 publicae
1226 1122 1348 1205 tempo-

205 1230 293 1295 ribus
327 1231 526 1296 admonitum
559 1233 666 1297 tecum
699 1233 732 1295 εὴ
765 1252 836 1295 cum
868 1230 1034 1315 republica
1066 1252 1135 1296 csse
1161 1230 1346 1296 facturum'

205 1339 295 1406 Haec
311 1343 480 1428 scriptura,
506 1364 577 1407 cum
592 1342 753 1407 Mediceus
775 1342 857 1406 liber
878 1340 1014 1406 habeat:
1037 1347 1135 1407 tecum
1150 1347 1179 1407 cl
1191 1344 1268 1426 reip.
1285 1351 1368 1408 esse'

203 1451 364 1532 sucturum
385 1453 582 1539 probabilior
604 1474 682 1518 sane
704 1455 761 1536 est,
784 1473 880 1537 quam
902 1451 968 1535 illa,
992 1473 1073 1537 quae
1096 1455 1192 1516 antea
1206 1453 1241 1517 in
1255 1453 1346 1518 libris

206 1566 288 1628 erat:
322 1569 420 1630 tecum
441 1569 470 1629 ct
489 1565 536 1629 rei
552 1564 800 1647 publiccc'sctc's
821 1583 884 1628 esse
903 1561 1081 1643 facturum
1114 1562 1220 1627 minus
1249 1564 1347 1628 eliam

205 1674 380 1758 probabile,
402 1674 485 1760 quod
500 1673 647 1739 Manutio
662 1675 697 1737 in
712 1675 854 1738 mentem
868 1673 974 1738 venit:
998 1678 1096 1739 tecam
1111 1693 1173 1739 esse
1185 1675 1347 1754 factarum

206 1789 235 1848 ct
247 1786 435 1868 respublicae
449 1785 536 1865 salis,
557 1784 607 1849 vel
623 1784 706 1869 quod
722 1783 877 1849 Graevius
900 1783 1026 1848 omissis
1049 1783 1170 1848 duobus
1192 1790 1222 1849 et
1241 1787 1345 1868 respu-

206 1895 303 1960 blicae
324 1894 486 1960 vocabulis
508 1893 682 1981 legendum
705 1895 845 1959 censuit:
867 1899 966 1960 tecum
988 1913 1050 1960 esse
1069 1894 1238 1975 facturum.
1283 1894 1346 1960 Sed

203 2008 239 2069 ut
261 2006 295 2069 iu
312 2005 475 2070 Orelliaua
495 2006 654 2090 scriptura
675 2004 758 2069 nihil
780 2005 864 2070 desit
885 2005 925 2070 ad
948 2008 1070 2070 rectum
1092 2007 1125 2069 et
1147 2005 1346 2070 commodum

203 2136 396 2199 sermonem,
424 2119 534 2180 tamen
561 2116 692 2200 propius
720 2116 870 2180 accedere
892 2137 985 2200 posse
1007 2115 1048 2180 ad
1069 2115 1205 2180 Medicei
1229 2116 1346 2180 codicis
1379 2109 1386 2120 “

203 2225 405 2309 memoriam,
434 2245 567 2310 eamque
593 2249 659 2290 una
679 2225 823 2291 litterula
845 2226 970 2291 adiecta
992 2226 1032 2290 ad
1053 2225 1276 2310 iutegritatem
1297 2248 1346 2290 re-

202 2356 315 2400 vocare
337 2335 416 2400 mihi
438 2336 561 2402 videor:
584 2342 682 2402 tecum
703 2342 732 2403 ct
752 2358 768 2402 e
788 2337 948 2420 republica
972 2356 1034 2402 esse
1054 2337 1223 2417 sucturum.

286 2447 339 2510 Ad
361 2446 533 2532 Plancum,
563 2449 617 2532 qui
645 2448 732 2546 agris
759 2447 941 2512 dividundis
969 2469 1002 2512 sc
1029 2446 1161 2531 praefici
1184 2447 1343 2532 cupiebat,

207 2556 286 2623 haec
309 2557 419 2624 Cicero
441 2557 482 2624 X.
498 2558 555 2623 22:
580 2557 686 2635 ‘Quod
709 2559 749 2623 ad
771 2581 822 2624 me
844 2558 1017 2644 scripseras
1039 2559 1077 2622 de
1099 2579 1133 2622 re
1156 2558 1293 2644 agraria,
1318 2559 1346 2622 si

204 2669 367 2734 consultus
389 2673 520 2734 senatus
543 2672 637 2753 esset,
660 2672 697 2733 ut
719 2669 851 2754 quisquc
873 2668 1229 2733 honorificentissimam
1251 2669 1290 2733 dc
1312 2672 1345 2734 te

203 2781 397 2844 sententiam
412 2780 554 2864 dixisset,
572 2801 643 2844 eam
658 2782 785 2844 secutus
802 2800 918 2863 essem,
940 2779 996 2865 qui
1012 2781 1097 2844 certe
1113 2801 1173 2865 ego
1187 2779 1343 2846 fuissem.'

203 2889 344 2956 Confusa
363 2889 458 2974 haec3
481 2911 562 2976 quae
578 2889 734 2956 Graevius
755 2893 793 2954 ut
813 2889 987 2974 ordinaret,
1011 2911 1083 2954 cum
1098 2891 1154 2972 qui
1167 2911 1345 2974 pronomen

203 3001 276 3066 sede
299 3023 356 3066 sua
377 3004 499 3066 motum
521 3023 590 3067 esse
611 3004 698 3066 recte
720 3001 862 3084 vidisset,
885 3000 972 3065 hunc
993 3000 1026 3065 in
1047 3000 1176 3065 modum
1192 3002 1344 3066 correxit:
1367 3075 1369 3078 ¹
1499 2997 1502 3006 '

202 3115 238 3175 ut
264 3113 393 3193 qcchce
413 3112 761 3195 honorificentissimam
783 3113 820 3176 de
846 3115 874 3176 te
901 3112 1086 3175 scatentium
1113 3112 1255 3190 clicmsct,
1290 3113 1345 3194 qui

202 3242 271 3286 eom
292 3226 412 3286 secutas
434 3226 522 3301 essct,
553 3227 630 3288 certe
652 3243 704 3307 epo
724 3222 875 3304 fuissem.’
914 3219 975 3285 Sed
997 3221 1142 3306 neglexit
1162 3221 1217 3285 ille
1237 3243 1344 3306 gram·

202 3331 337 3396 maticae
360 3335 573 3418 praeceptum,
596 3335 633 3397 ut
653 3354 791 3417 persona
805 3331 895 3397 verbi
916 3332 951 3396 in
971 3331 1194 3396 enuntiatione
1208 3332 1344 3397 relativa

203 3442 384 3505 consentiat
407 3464 478 3507 cum
500 3443 643 3509 subiecto
665 3443 853 3529 principalis
869 3441 1064 3527 sententiae3
1088 3441 1129 3507 cf.
1153 3441 1247 3507 huius
1269 3443 1343 3507 libri

202 3551 372 3636 epistulam
386 3553 443 3616 31:
467 3561 576 3638 ‘quare
599 3576 670 3619 eum
692 3577 742 3619 me
765 3555 913 3619 existima
928 3576 1006 3639 csse,
1029 3553 1083 3638 qui
1098 3553 1239 3637 primum
1252 3553 1343 3637 pacis

202 3661 425 3747 cupidissimus
447 3663 518 3746 sim,
539 3701 582 3710 -
603 3663 718 3728 deinde
746 3665 800 3748 qui
828 3668 861 3728 et
888 3685 939 3728 me
968 3667 1001 3728 et
1021 3662 1252 3746 rempublicam
1273 3663 1343 3728 vin-

201 3773 307 3838 dicare
322 3772 357 3836 in
371 3771 553 3837 libertatem
567 3775 699 3857 paratus
714 3775 799 3838 sim?
828 3773 1013 3838 Scribedum
1029 3773 1143 3858 igitur:
1164 3775 1343 3856 utquisque

200 3884 546 3969 honorificentissimum
568 3884 605 3949 dc
626 3888 654 3949 te
674 3885 860 3950 scateatium
881 3885 1017 3963 diescet,
1048 3885 1103 3966 qui
1130 3904 1201 3949 com
1221 3889 1343 3950 sactus
1450 3881 1453 3888 '

200 4015 294 4060 asem
315 4000 392 4061 certe
413 4015 466 4078 epo
486 3993 638 4076 fuissem.'
704 4065 713 4078 ,

286 4106 450 4172 Occultius
477 4105 644 4190 mendum,
673 4106 757 4190 quod
778 4105 914 4170 Medicei
944 4104 1060 4169 codicis
1088 4104 1247 4188 scriptura
1274 4125 1341 4168 non

201 4216 356 4301 arguitur,
381 4221 413 4282 et
435 4216 641 4302 aperiendum
662 4219 696 4281 et
716 4216 894 4281 tollendum
916 4218 966 4280 est
986 4215 1022 4279 in
1038 4213 1201 4280 Ciceronis
1223 4213 1340 4279 litteris

201 4327 241 4392 ad
257 4325 401 4392 Cassium
416 4327 490 4412 XII,
515 4330 550 4394 7:
574 4327 628 4392 ‘Id
649 4328 745 4394 velim
767 4327 847 4392 mihi
869 4327 1029 4412 ignoscas,
1053 4325 1136 4411 quod
1158 4324 1262 4389 invita
1283 4326 1340 4389 tua

200 4458 293 4502 socru
314 4436 467 4522 fecerim.¹
499 4439 620 4518 Mulier¹
641 4439 754 4504 timida
776 4438 961 4522 verebatur,
989 4458 1030 4502 ne
1057 4435 1183 4500 Pansae
1214 4435 1339 4500 animus
