3334 5158
668 375 882 440 ...27-..

287 547 327 612 In
342 545 393 610 his
409 545 469 610 etsi
483 545 608 612 nullum
623 545 754 611 latentis
769 545 911 610 vulneris
925 544 1080 612 indicium
1092 547 1221 631 eminet,
1237 550 1348 614 tamen

204 659 372 743 aegrotare
400 656 520 740 aliquid
546 655 683 720 Medicei
717 655 791 720 libri
817 655 918 740 ipsius
946 656 1105 741 scriptura
1133 658 1346 742 cognoscitur.

203 767 313 832 Habet
324 769 410 832 enim
427 766 525 850 codes
541 769 646 833 otiosis
660 768 688 832 si
703 767 919 846 mirabamur,
936 767 1018 851 quod
1029 767 1147 832 iniuria
1158 771 1348 852 spreverunt

205 878 352 943 editores.
384 875 470 942 Nam
496 899 559 942 una
581 877 704 962 syllaba
726 876 892 971 geminata
914 879 946 941 et
966 898 983 942 s
1003 877 1147 942 litterula
1172 878 1281 943 addita
1303 877 1347 942 ef-

204 987 312 1054 ficitur
333 988 416 1072 quod
440 987 550 1055 Cicero
572 986 715 1072 scripsit:
738 989 933 1072 otiosissimis
954 989 1169 1054 mirabantur.

289 1099 351 1165 Sed
372 1099 408 1164 in
430 1099 542 1164 eadem
564 1097 701 1183 epistula
723 1097 810 1162 aliud
832 1101 865 1162 et
886 1085 1017 1183 {gravius
1031 1098 1146 1164 vulnus
1167 1100 1347 1164 sanandum

205 1213 264 1294 est,
288 1209 368 1274 haec
390 1210 485 1294 enim,
512 1231 590 1294 quae
612 1209 698 1273 infra
721 1209 845 1293 scripsi,
869 1208 909 1272 ad
931 1212 1076 1274 nostram
1099 1211 1238 1274 aetatem
1260 1209 1347 1274 edita

204 1323 295 1386 sunt:
330 1319 393 1386 Sed
413 1320 486 1405 plus
507 1319 592 1385 facio
599 1370 608 1404 ,
632 1341 728 1405 quam
751 1318 904 1385 Caninius
926 1319 1102 1385 mandarit.
1138 1320 1171 1384 Is
1194 1319 1295 1404 enim,
1319 1321 1347 1384 si

205 1430 280 1516 quid
302 1452 362 1516 ego
385 1430 499 1496 scirem
520 1433 660 1516 rogarat,
683 1430 767 1514 quod
788 1433 824 1494 tu
845 1431 1001 1495 nescires:
1025 1451 1084 1516 ego
1106 1431 1166 1496 tibi
1185 1452 1222 1496 ea
1236 1452 1344 1515 narse,

205 1563 285 1626 quac
307 1543 344 1605 tu
364 1541 477 1606 melius
499 1541 572 1626 scis,
601 1563 697 1626 quam
718 1541 796 1625 ipse,
824 1541 879 1625 qui
900 1547 1019 1606 narro?

288 1651 450 1717 Mediceus
474 1653 572 1718 codex
593 1652 705 1716 habet:
728 1653 901 1717 mandarit.
922 1653 992 1717 imre
1006 1653 1098 1717 emim.
1136 1651 1216 1728 Quid
1241 1655 1347 1717 autem

205 1763 389 1848 significare
411 1763 569 1828 dicamus:
591 1765 724 1848 rogarat
746 1763 871 1847 siquid
893 1771 953 1848 ego
975 1763 1113 1827 scirem?
1141 1763 1227 1830 Num
1246 1763 1346 1828 forte:

205 1895 240 1938 er
261 1873 351 1938 hatte
372 1873 459 1938 mich
481 1873 627 1958 gefragt,
656 1873 696 1938 ob
723 1872 778 1938 ich
807 1876 905 1938 etwas
932 1873 1074 1938 wiisste‘?
1110 1874 1156 1938 At
1183 1873 1230 1938 ita
1251 1895 1346 1939 nemo

204 1983 368 2049 Romanus
388 2006 530 2068 unquam
552 1983 643 2049 dixit.
674 1983 768 2050 Certa
791 1973 863 2048 cum
884 1983 989 2048 verbis
1012 1984 1217 2069 exspectandi
1240 1987 1273 2049 et
1295 2005 1345 2048 ex·
1411 2053 1418 2060 ,
1443 2055 1448 2065 ,

204 2095 350 2180 pariendi
378 2094 549 2159 coniuncta
570 2097 599 2160 si
620 2093 779 2178 particula
805 2094 988 2180 significare
1015 2097 1123 2179 potest
1144 2096 1190 2160 ob.
1234 2094 1346 2180 Neque

204 2206 335 2270 omnino
351 2204 505 2271 Caninius
521 2227 560 2270 ex
574 2204 727 2271 Cicerone
742 2205 910 2290 quaesivit,
933 2205 1087 2290 numquid
1107 2205 1183 2270 novi
1197 2205 1346 2289 haberet:

205 2316 260 2382 sed
281 2318 318 2380 ut
340 2315 388 2380 ait
409 2314 519 2381 Cicero
541 2315 635 2380 initio
662 2315 857 2380 litterarum:
894 2315 1070 2384 ‘Cominius
1091 2321 1194 2382 moster
1216 2337 1264 2382 me
1284 2317 1347 2382 tris

203 2429 306 2494 cerbis
327 2429 500 2507 admonuit,
520 2433 556 2493 et
574 2427 738 2493 scriberem
753 2429 798 2493 od
809 2432 845 2507 te,
868 2428 989 2510 siquid
1002 2431 1084 2512 esset,
1109 2427 1347 2511 qrodpmtorem

205 2543 233 2604 te
253 2540 332 2604 scire
354 2543 513 2622 oportere!
543 2537 751 2602 Desideratur
772 2533 873 2623 igitur
894 2536 1066 2621 sententia,
1090 2558 1170 2622 quae
1185 2537 1305 2622 pendet
1328 2559 1347 2600 a
1442 2549 1446 2558 ’

204 2647 302 2713 verbo
323 2651 465 2733 rogarat.
510 2648 565 2712 An
592 2647 779 2713 vertendum
808 2649 871 2712 est:
908 2647 955 2711 llr
976 2647 1066 2712 hatte
1087 2646 1174 2712 mich
1196 2647 1345 2732 gebeton,

204 2781 301 2824 wenn
321 2757 375 2822 ich
396 2761 495 2823 etwas
517 2757 658 2823 wdsste?
687 2758 733 2822 At
754 2758 839 2822 idem
860 2757 938 2822 illud
960 2757 1167 2842 desideratur,
1190 2757 1273 2843 quod
1289 2757 1347 2824 Ca·

204 2869 313 2934 ninius
335 2871 482 2953 rogarat:
504 2871 541 2932 ut
562 2868 743 2934 scriberem.
788 2868 924 2934 Accedit
945 2868 1028 2952 quod
1050 2867 1110 2932 vix.
1126 2867 1276 2933 credibile
1298 2871 1348 2933 est

204 2979 384 3044 Florentini
394 2978 469 3044 libri
481 2979 626 3064 vestigiis
641 2981 710 3045 imre
720 2978 803 3044 nihil
818 2979 903 3044 aliud
915 3002 1011 3064 quam
1025 2981 1054 3045 is
1069 2979 1207 3044 subesse.
1234 2979 1346 3064 Neque

204 3091 239 3155 id
259 3089 346 3174 fugit
368 3088 538 3173 Orellium,
562 3089 618 3154 sed
639 3089 724 3175 quod
746 3090 917 3174 aliquando
941 3089 1091 3155 coniecit:
1128 3094 1164 3156 rrt
1183 3090 1347 3156 scriberem

205 3203 297 3280 emim,
321 3201 358 3292 is,
380 3201 495 3282 siquid,
518 3201 554 3264 in
575 3199 636 3264 hoc
658 3199 687 3264 ei
710 3200 894 3264 coniectura
910 3200 1016 3265 minus
1030 3200 1168 3265 feliciter
1182 3200 1344 3265 successit.

205 3309 310 3386 Quare
331 3311 482 3375 mendum
504 3313 550 3374 ita
577 3309 754 3375 tollendum
783 3331 913 3376 censeo:
949 3310 1013 3378 Sed
1027 3313 1102 3394 piris
1121 3311 1220 3392 socio,
1250 3333 1347 3394 quom

206 3421 364 3488 Cominius
378 3423 550 3488 mordebit.
574 3421 747 3488 Scriberem
761 3423 853 3502 emim,
869 3423 898 3488 si
913 3423 990 3505 qaid
1002 3443 1055 3507 epo
1069 3423 1189 3502 scirem,
1205 3428 1344 3507 reperet,

204 3533 289 3615 qmcd
309 3537 343 3598 tr
364 3535 505 3598 nescires.

290 3640 352 3707 Sed
375 3644 517 3706 extrema
539 3641 695 3727 epistulae
709 3643 816 3728 verba,
840 3664 920 3728 quae
937 3643 990 3707 diu
1004 3645 1167 3707 torserunt
1182 3642 1346 3708 doctorum

205 3753 371 3817 hominum
392 3751 540 3837 ingenia,
574 3752 759 3818 etiamnunc
787 3756 992 3839 exspectant,
1025 3756 1062 3818 ut
1089 3753 1263 3818 remedium
1285 3753 1346 3830 sibi

206 3863 365 3940 afferatur.
410 3861 552 3927 ‘Faciam
575 3884 652 3948 ergo
673 3862 768 3948 illud,
797 3864 881 3949 quod
902 3859 1035 3951 rogatus
1057 3887 1143 3949 sum,
1166 3867 1343 3950 uteorum,

206 3996 287 4058 quae
308 3973 461 4058 temporis
482 3973 576 4038 huius
592 3974 668 4059 sint,
692 3996 773 4058 quae
789 3975 810 4054 †
824 3978 881 4040 tua
896 3975 1036 4060 audiero,
1060 3975 1176 4060 nequid
1191 3976 1345 4062 ignores?

205 4083 250 4149 Et
271 4083 435 4150 Victorius
457 4084 584 4170 quidem
607 4106 722 4168 quaere
744 4085 897 4171 coniecit,
921 4108 1015 4170 quem
1037 4086 1220 4151 occultandi
1241 4087 1346 4171 magis

206 4215 302 4278 quam
329 4194 466 4260 sanandi
493 4198 643 4260 conatum
675 4195 807 4280 dixeris3
842 4199 1017 4262 ceterorum
1051 4197 1249 4262 coniecturas
1280 4198 1346 4261 iam

207 4304 343 4370 Orellius
364 4305 400 4370 in
420 4306 526 4391 priore
548 4305 686 4371 editione
708 4306 870 4391 refutavit,
893 4308 948 4372 sed
970 4308 1053 4393 quod
1074 4307 1193 4392 ipsein
1207 4307 1346 4372 medium

207 4414 347 4480 confert:
370 4437 450 4500 qaae
471 4421 540 4484 tate
561 4418 702 4499 audiere,
724 4417 757 4483 id
779 4417 877 4484 etiam
899 4417 1060 4484 difficilius
1083 4421 1132 4484 est
1153 4420 1194 4483 ad
1215 4440 1345 4503 persua·
