3334 5158
806 347 1049 412 -40-.

337 519 536 584 stauratione
557 520 685 582 tuarum
706 518 852 595 laudum,
880 517 964 602 quod
991 516 1148 582 maximus
1177 516 1353 580 consularis
1380 517 1482 594 maxi·

337 653 425 694 mum
448 629 610 694 consulem
632 631 664 694 te
686 629 754 712 ipse
776 627 893 712 vicisti,
917 630 949 692 et
970 619 1129 730 laetamur
1151 630 1184 692 et
1196 627 1307 691 mirari
1322 628 1400 692 satis
1414 649 1481 692 non

336 746 528 825 possumus?

424 868 568 934 Grandia
595 889 669 933 vero
696 866 795 932 verba
822 869 855 932 et
881 866 998 952 ingens
1024 867 1261 950 testimoninm,
1294 867 1377 951 quod
1410 865 1481 931 sine

337 979 403 1043 ulla
417 979 630 1043 haesitatione
648 978 835 1063 negaverim
850 975 1037 1042 Ciceronem
1060 979 1127 1042 sive
1149 977 1190 1041 ab
1213 977 1394 1062 aequalium
1415 977 1481 1040 ullo

338 1090 401 1154 alio
428 1090 556 1172 tulisse,
590 1089 657 1153 sivo
683 1087 825 1160 laturum
852 1109 921 1152 esse
948 1110 967 1152 a
994 1091 1105 1152 nostra
1133 1091 1248 1152 aetate.
1292 1087 1379 1152 Num
1401 1086 1481 1152 haec

339 1200 483 1265 adultam
499 1202 647 1282 aetatem,
672 1199 893 1263 confirmatam
907 1201 1050 1262 mentem
1065 1197 1276 1283 significant?
1304 1197 1359 1261 An
1374 1199 1481 1282 potius

339 1310 545 1375 exuberantis
567 1309 693 1396 ingenii
714 1312 790 1374 sunt
812 1314 845 1374 et
867 1309 1078 1375 admiratione
1093 1308 1295 1393 exsultantis,
1319 1311 1352 1372 et
1366 1329 1481 1392 parurn

321 1421 519 1486 moderati?

423 1547 547 1613 ‘Fatale
574 1535 683 1613 nescio
712 1546 789 1631 quid
816 1549 890 1612 tuae
917 1547 1030 1612 virtuti
1056 1547 1166 1612 datum
1172 1597 1181 1632 ,
1214 1546 1247 1611 id
1274 1546 1357 1633 quod
1384 1567 1481 1631 saepe

337 1658 403 1723 iam
418 1659 541 1744 experti
557 1680 676 1722 sumus.
707 1657 770 1722 Est
791 1658 877 1722 enim
899 1659 955 1722 tua
976 1661 1054 1743 toga
1076 1659 1218 1722 omnium
1233 1651 1330 1722 armis
1345 1656 1480 1741 felicior,

337 1791 418 1854 quae
440 1791 528 1834 nunc
550 1790 673 1854 quoquc
694 1769 787 1832 nobis
810 1791 912 1851 paene
940 1769 1059 1833 victam
1081 1790 1149 1833 rem
1170 1768 1331 1852 publicam
1353 1790 1392 1832 ex
1413 1789 1480 1831 ma-

293 1877 295 1886 ’
337 1880 432 1943 nibus
447 1879 587 1944 hostium
602 1867 720 1963 eripuit
742 1901 779 1942 ac
800 1878 962 1942 reddidit?
1000 1878 1094 1943 Itane
1116 1878 1214 1943 vcro?
1242 1879 1303 1943 Illo
1324 1881 1478 1963 tempore,

338 2012 399 2076 quo
422 1992 529 2054 omnia
552 1989 592 2052 ad
614 1990 678 2054 vim
701 1992 734 2053 εὴ
756 2010 844 2053 arma
866 1989 1076 2072 spectabant,
1103 1991 1135 2052 et
1161 2011 1212 2053 res
1240 1989 1275 2054 in
1303 1992 1480 2053 extremum

338 2101 475 2165 adducta
497 2103 567 2164 erat
589 2099 769 2183 discrimen,
790 2101 918 2163 tantum
940 2099 1077 2164 valuisse
1093 2097 1256 2165 Ciceronis
1277 2099 1328 2164 vel
1343 2099 1480 2184 optimas

338 2211 516 2276 sententias
542 2209 594 2274 vel
621 2210 795 2294 magnifica
816 2209 937 2274 verba?
980 2208 1092 2273 Cicero
1121 2210 1294 2275 modestius
1319 2211 1356 2274 de
1379 2213 1481 2274 semet

284 2305 286 2310 ¹
338 2323 409 2406 ipso
431 2321 587 2405 loquitur3
610 2319 723 2384 scribit
744 2319 839 2396 enim,
853 2320 892 2383 ad
916 2319 1061 2385 Cassium
1082 2319 1156 2386 XII.
1180 2321 1218 2384 2:
1241 2320 1481 2412 '‘Vehementer

337 2431 440 2496 laetor
465 2431 526 2496 tibi
554 2430 685 2514 probari
713 2429 907 2494 sententiam
935 2434 967 2494 et
994 2431 1172 2496 orationem
1204 2453 1324 2516 meam,
1358 2453 1421 2515 qua
1452 2431 1480 2494 si
1518 2455 1527 2474 ⁸
1628 2495 1629 2524 ,

338 2541 464 2625 saepius
487 2541 535 2604 uti
557 2541 684 2624 liceret,
715 2539 798 2604 nihil
826 2561 894 2605 esse
921 2542 1044 2626 negotii
1074 2541 1257 2606 libertatem
1279 2548 1312 2606 et
1332 2563 1400 2605 rem
1421 2563 1480 2625 pu-

336 2652 453 2716 blicam
474 2651 663 2736 reciperare.
695 2650 757 2716 Sed
777 2658 837 2700 -'
860 2649 935 2715 XII.
961 2651 1016 2716 10:
1053 2651 1213 2716 Persuade
1240 2652 1301 2716 tibi
1322 2651 1422 2737 igitur
1443 2651 1480 2715 in

337 2766 371 2827 te
401 2765 433 2827 et
461 2763 497 2827 in
525 2761 627 2828 Bruto
657 2783 724 2826 esse
754 2762 876 2845 omnia3
911 2761 989 2827 ibid.
1014 2761 1044 2826 9.
1088 2762 1201 2847 Itaque
1229 2762 1291 2826 tibi
1322 2762 1498 2846 persuade·

337 2873 511 2936 maximam
537 2872 730 2956 reipublicae
759 2871 906 2956 spemin
930 2874 963 2936 te
986 2875 1019 2936 et
1039 2873 1075 2936 in
1096 2873 1160 2937 tuis
1190 2873 1292 2956 copiis
1314 2893 1398 2955 esse3
1431 2871 1477 2934 ib.

339 2984 379 3048 10
402 2983 578 3047 arbitratur
605 2987 690 3047 ‘eum
719 2982 755 3046 in
782 2980 911 3046 Italiam
932 2982 1042 3055 venire
1065 3005 1137 3047 eum
1159 2983 1317 3048 exercitu'
1345 2981 1422 3045 ibid.
1446 2982 1479 3045 3.

338 3099 428 3178 ‘spes
455 3093 490 3158 in
518 3096 574 3158 tua
596 3093 714 3157 virtute
737 3095 796 3156 est.
841 3091 903 3156 Sed
931 3091 987 3156 ubi
1009 3096 1085 3157 sunt
1107 3093 1240 3178 copiae?
1283 3091 1365 3168 Quid
1392 3092 1482 3155 enim

337 3207 401 3288 est,
430 3203 514 3288 quod
542 3205 653 3268 contra
679 3203 745 3268 vim
773 3202 842 3266 sine
870 3201 902 3266 vi
923 3202 992 3266 fieri
1014 3204 1155 3287 possit‘l’

421 3337 508 3405 Num
529 3339 630 3424 igilur
652 3339 750 3403 verba
772 3337 828 3401 illa
851 3337 891 3402 ab
914 3338 976 3402 alio
999 3340 1120 3424 scripta
1147 3361 1215 3404 esse
1237 3342 1386 3425 possunt,
1415 3337 1481 3404 nisi

338 3449 379 3514 ab
403 3471 454 3533 eo,
483 3449 537 3534 qui
558 3448 718 3534 ,temporis
741 3449 789 3513 sui
810 3448 970 3513 rationem
993 3453 1025 3514 et
1046 3451 1195 3514 naturam
1217 3473 1330 3536 parum
1351 3471 1481 3534 perspe-

338 3563 446 3644 xerat,
471 3563 503 3624 et
524 3581 635 3624 recens
658 3581 677 3624 a
698 3559 835 3624 lectione
857 3558 1110 3644 Philippicarum
1138 3562 1317 3625 orationum
1344 3560 1482 3625 iuvenili

337 3652 473 3755 quodam
495 3670 607 3734 ardore
629 3669 871 3754 abripiebatur?

423 3807 536 3872 ‘Nunc
558 3827 634 3892 ergo
650 3807 793 3872 vivemus
815 3805 923 3871 liberi:
946 3828 1034 3872 nunc
1048 3811 1081 3872 te
1096 3806 1237 3874 omnium
1253 3806 1385 3872 maxime
1401 3805 1482 3874 civia

337 3921 370 3983 et
391 3915 472 3990 mihi
494 3917 665 4000 carissime,
688 3917 721 3980 id
744 3917 827 4001 quod
848 3916 995 3982 maximis
1015 3919 1222 4002 reipublicae
1237 3918 1379 3984 tenebris
1395 3940 1481 3984 com·

336 4027 460 4113 peristi,
487 4049 575 4092 nunc
596 4030 628 4092 te
650 4026 838 4092 habebimus
859 4030 976 4092 testem
1002 4029 1105 4094 nostri
1127 4032 1159 4094 et
1180 4030 1215 4094 in
1237 4031 1270 4094 te
1292 4029 1382 4094 etin
1405 4051 1481 4094 con·

336 4138 569 4204 iunctissimam
590 4139 651 4203 tibi
672 4138 903 4224 rempublicam
926 4139 1065 4204 amoris?

417 4273 538 4352 *Misere
558 4273 715 4343 divinavit
736 4275 916 4361 quicunque
938 4271 1019 4340 haec
1041 4277 1185 4361 scripsit,
1209 4275 1265 4342 scd
1288 4276 1385 4343 verba
1407 4275 1481 4360 ipsa
1551 4279 1556 4288 '

337 4385 407 4452 vide
429 4382 509 4452 mihi
531 4407 626 4473 quam
649 4386 716 4452 sint
736 4387 845 4472 inepte
869 4386 1045 4472 cumulata,
1074 4409 1169 4472 quam
1192 4388 1232 4452 ad
1253 4408 1405 4473 pompam
1427 4409 1481 4452 ac·
