3334 5158
700 403 908 468 ..13-

233 571 375 638 κελεύειν
390 573 585 652 presented
602 593 627 636 s.
646 576 835 653 μεταετῆναι
847 576 880 637 et
895 578 1091 654 μετᾳετῆναι.
1119 574 1171 639 Ita
1185 575 1378 644 Plutarchus

231 679 266 743 in
290 679 491 765 vitu·Pomp.
512 703 539 746 c.
556 682 598 747 58
615 685 819 766 (Μάρκελλοε
835 684 854 748 ὁ
870 684 1007 767 ὕπατος)
1023 685 1181 750 Ἐκὲλευεε
1202 689 1264 767 γὰρ
1288 709 1378 770 μετα-

232 795 340 869 ετῆναι
355 792 432 859 τοὺε
446 791 580 873 Καίεαρα
595 794 697 872 μόνον
713 795 752 858 τὰ
769 794 854 860 ὅπλα
870 796 1057 860 καταθέεθαι
1072 795 1274 882 κελεύονταε,
1289 801 1376 880 Πομ-

231 902 328 981 πήιον
345 902 373 966 δ’
388 901 515 984 ἄρχειν·
537 906 589 969 καὶ
608 905 796 984 μετέετηεαν
812 905 844 969 οἱ
858 904 998 970 πλείουε.
1028 905 1122 970 Αὖθιε
1138 908 1173 970 δὲ
1189 913 1377 988 μεταετῆναι

230 1011 421 1078 κελεύοντοε
433 1035 460 1078 e·.
469 1036 500 1098 q.
510 1036 535 1079 s.
562 1013 616 1078 Fit
626 1017 733 1078 autem
743 1014 894 1078 discessio
907 1037 925 1078 a
937 1014 1150 1099 senatoribus,
1165 1037 1236 1080 cum
1249 1021 1376 1084 senten-

229 1121 309 1186 tiam
338 1121 472 1188 alicuius
500 1124 601 1189 secuti
623 1125 687 1188 suis
711 1124 868 1188 subselliis
890 1124 1011 1192 relictis
1033 1125 1065 1188 in
1089 1125 1175 1189 illius
1198 1126 1373 1192 discedunt.

230 1230 301 1297 Hoc
312 1234 442 1298 omnino
453 1235 580 1319 passive
591 1217 721 1300 dicitur:
737 1235 784 1318 fit,
799 1235 888 1300 factu
900 1238 949 1300 est
963 1235 1124 1319 discessio,
1141 1238 1178 1300 ut
1192 1237 1277 1321 apud
1289 1236 1375 1304 (lice-

229 1365 340 1408 ronem
354 1367 413 1428 pro
429 1343 532 1410 Sestio
547 1346 600 1427 34,
615 1346 665 1409 74.
697 1345 778 1410 Cum
792 1366 897 1410 omnes
912 1349 1053 1410 certatim
1068 1348 1210 1428 aliusque
1224 1348 1288 1413 alio
1300 1370 1374 1432 qra-

228 1456 299 1519 eins
314 1456 434 1520 demea
449 1457 549 1520 sainte
564 1457 700 1535 didisset,
723 1452 869 1539 fieretque
889 1458 957 1520 sine
972 1457 1040 1520 nlla
1053 1458 1205 1522 damnate
1220 1459 1372 1538 discente,

228 1568 368 1630 snrrcnit
381 1587 408 1630 e.
426 1588 457 1651 q.
470 1588 495 1631 s.
512 1565 604 1630 Verr.
614 1564 671 1630 IV.
680 1565 736 1631 65:
753 1565 798 1630 In
812 1588 854 1646 eo,
872 1587 942 1631 cnm
955 1568 1023 1630 iam
1036 1587 1102 1632 non
1115 1567 1216 1632 solnm
1230 1569 1373 1634 discessio

226 1675 314 1754 faeta
329 1681 412 1756 esset,
435 1678 490 1742 sed
510 1679 605 1742 etiam
615 1678 825 1759 perscm'ptnm
843 1681 872 1740 et
887 1679 923 1740 in
938 1677 1064 1741 tabulas
1077 1677 1220 1757 relatum,
1243 1682 1373 1763 praetor

228 1786 418 1870 appellatur.
455 1785 780 1852 mennatum.
817 1785 945 1852 Darent
959 1787 1077 1851 Iuniae
1095 1787 1241 1867 familiae
1262 1794 1291 1854 et
1303 1792 1372 1854 niro

228 1899 387 1977 qnondam
401 1899 523 1962 ordinis
537 1898 681 1976 eiusdem
698 1902 734 1962 ut
744 1896 910 1980 Cytheram
919 1899 1028 1980 potins
1042 1899 1222 1963 concederet.
1239 1901 1275 1964 id
1286 1919 1371 1964 soro-

225 2028 291 2072 rem
303 2029 423 2091 qnoque
432 2009 541 2074 Silani
548 2009 754 2090 Torquatum,
765 2009 893 2090 priscae
902 2009 1130 2073 sanctimoniae
1140 2011 1302 2092 cirpinem,
1320 2029 1373 2075 ear-⁴

220 2123 332 2200 petere.
362 2121 399 2184 in
425 2120 508 2184 dunc
528 2120 715 2184 sententiam
734 2118 822 2198 sacta
844 2119 995 2182 discessio.
1027 2117 1174 2203 Denique
1196 2119 1280 2204 apud
1306 2119 1370 2184 Pli-

225 2229 316 2293 nium
336 2229 372 2294 in
393 2229 460 2312 illo,
484 2251 578 2314 quem
601 2249 697 2313 supra
720 2227 817 2298 citavi
838 2227 909 2292 loeo
923 2226 1012 2293 VIII.
1031 2228 1079 2291 14.
1114 2228 1221 2308 Quid?
1244 2231 1292 2294 len
1305 2251 1370 2296 non

225 2345 330 2421 aperte
351 2341 436 2405 docet
456 2341 567 2405 dirimi
588 2340 695 2404 debere
715 2340 891 2416 sententias,
916 2359 986 2402 enm
1007 2340 1055 2402 ita
1069 2339 1284 2405 discessionem
1298 2342 1370 2423 pieri
1484 2334 1487 2338 ’

225 2449 332 2514 iudet?
352 2487 396 2496 —
418 2449 501 2515 Sunt
523 2450 609 2514 enim
631 2451 795 2513 senatores
817 2447 1037 2533 intelligendi,
1067 2448 1121 2532 qui
1143 2449 1370 2514 discessionem

225 2559 332 2624 secere
346 2560 509 2644 iubentur,
532 2562 570 2624 ut
585 2581 624 2624 ex
639 2559 695 2643 eis,
719 2581 800 2643 quae
816 2561 1003 2643 sequuntur,
1023 2558 1231 2643 perspicitur:
1254 2559 1369 2626 Nonne

224 2671 347 2736 uidetur
368 2673 440 2754 ipsa
463 2672 512 2736 len
533 2691 590 2749 ees,
616 2671 670 2751 qni
692 2671 889 2749 dissentiunt,
911 2671 948 2733 in
969 2670 1165 2734 contrariam
1176 2674 1301 2751 partem
1314 2652 1367 2735 cess

224 2801 310 2861 care,
340 2801 458 2864 cepere,
488 2780 668 2863 impellere?
710 2779 848 2844 Faciunt
870 2782 978 2843 autem
1000 2778 1226 2844 discessionem
1247 2780 1368 2864 singuli

224 2893 256 2954 et
277 2891 407 2976 proprie
428 2891 492 2974 ille,
515 2889 570 2974 qui
592 2911 663 2954 eum
677 2890 864 2974 rettulisset,
887 2889 943 2953 ubi
957 2887 1057 2972 ipsius
1071 2890 1282 2974 pronuntiata
1297 2911 1368 2956 sen-

223 3001 327 3065 tentia
350 3005 415 3086 est,
443 3001 565 3086 primus
593 3000 743 3085 discedit,
775 3004 807 3064 et
835 3019 929 3084 quem
954 3002 1175 3064 transeuntem
1197 3000 1295 3065 ceteri
1316 3001 1368 3066 vel

224 3115 409 3196 sequuntur,
433 3112 484 3176 vel
506 3111 540 3175 in
563 3111 698 3175 alteram
719 3113 846 3194 partem
867 3112 1047 3174 transeunt.
1083 3109 1121 3173 Id
1142 3111 1239 3175 verbo
1262 3111 1366 3176 activo

224 3222 423 3306 exprimitur.
468 3221 518 3287 Cf.
543 3223 585 3286 A.
608 3221 708 3285 Hirtii
736 3220 775 3284 de
797 3221 872 3284 bell.
897 3219 981 3285 Gall.
1003 3219 1094 3285 VIII.
1118 3219 1159 3284 52
1183 3219 1365 3306 (Kraner.):

223 3331 332 3415 Neque
355 3332 482 3418 (Curio)
500 3333 557 3398 lmc
578 3337 701 3398 tantum
717 3332 877 3416 pollicitus
898 3336 950 3410 est,
982 3332 1151 3396 sedetiam
1170 3352 1280 3412 perse
1301 3333 1364 3396 dis-

223 3445 388 3508 cessionem
407 3444 511 3524 facere
532 3429 644 3526 eoepit}
667 3444 751 3526 quod
770 3463 809 3508 ne
830 3444 918 3526 fieret
939 3442 1077 3506 censuim
1098 3443 1253 3522 amicique
1269 3441 1364 3506 Pem-

216 3554 455 3635 peiinssernnt
475 3559 568 3636 atque
588 3555 636 3618 ita
657 3575 724 3618 rem
745 3553 935 3618 moderando
957 3553 1176 3616 discusserunt.
1206 3550 1289 3616 Ibid.
1305 3552 1363 3617 53:

222 3662 311 3728 Nam
325 3663 499 3730 Marcellus
507 3665 655 3748 proxime
678 3685 763 3730 anno
785 3685 856 3729 cnm
876 3664 1077 3745 impnynaret
1092 3662 1239 3727 Caesaris
1260 3663 1362 3744 diuni-

222 3779 323 3854 tatem,
347 3780 457 3840 contra
479 3776 573 3858 leyen
589 3774 720 3856 Pompei
741 3779 769 3840 et
784 3773 894 3840 Crassi
915 3773 1064 3838 retnnrat
1085 3777 1159 3837 ante
1179 3777 1299 3855 tempus
1321 3774 1365 3836 ad

221 3891 364 3949 senatum
380 3887 417 3950 de
433 3884 580 3950 Caesaris
588 3887 772 3968 prouinciis,
794 3885 1014 3965 sententiisque
1035 3884 1126 3948 dietis
1147 3885 1363 3973 disecssienem

219 3994 353 4075 faciente
374 3996 544 4075 Marcello,
575 3998 630 4079 qni
650 3997 712 4061 sibi
733 4016 855 4061 omnem
877 3996 1062 4077 diuinitatem
1083 4015 1121 4059 en
1143 3993 1291 4060 Caesaris
1310 3996 1360 4059 in·

220 4106 309 4171 nidia
330 4109 507 4188 quaerebat,
530 4107 658 4173 senatus
677 4107 824 4189 frequens
844 4107 881 4171 in
903 4106 970 4171 alia
992 4107 1102 4170 omnia
1122 4105 1260 4170 transiit.

305 4215 358 4282 Sic
382 4217 546 4284 Ciceronis
568 4238 693 4302 quoque
715 4216 813 4282 verbe
833 4215 1045 4300 intelligenda
1061 4211 1146 4280 sunt.
1177 4213 1258 4280 Cum
1274 4213 1360 4278 enim

219 4327 365 4411 proximu
387 4328 522 4394 dicenda
550 4330 634 4393 esset
655 4327 822 4392 Hortensii
851 4329 1028 4410 sententia,
1058 4326 1181 4412 Lupus,
1210 4324 1359 4390 tribunus

219 4437 275 4524 pl.,
310 4439 394 4525 quod
415 4439 484 4525 ipse
512 4439 551 4505 de
573 4438 725 4524 Pompeio
753 4438 945 4523 rettulisset,
978 4437 1140 4524 postulare
1168 4437 1289 4522 coepit,
1322 4439 1360 4504 ut
