3334 5158
761 396 972 460 „12.„-

294 567 407 633 seiuen
422 567 565 653 Vortreg
579 569 685 632 zuerst
702 567 853 651 stimme,’
876 566 1100 632 Drumannum
1123 570 1231 632 autem
1252 567 1335 633 falsa
1349 569 1445 635 wie-1

293 678 394 743 laudii
415 678 683 763 interpretatione
705 678 812 742 nisum
834 699 915 763 quae
942 699 1009 742 non
1031 678 1135 763 magis
1157 699 1233 742 vera
1255 683 1362 744 essent
1383 681 1436 746 do·

295 789 413 853 cuisse:
437 789 497 854 ‘als
519 810 595 853 man
617 789 696 853 iiber
717 787 918 853 Hortensius’
940 787 1121 872 Vorrchlug
1143 788 1294 854 stimmen
1315 789 1433 874 wollte,

293 897 460 984 verlangte
475 898 594 983 Lupus,
617 898 708 963 dass
729 900 796 963 der
817 898 990 983 seinige,
1016 898 1073 962 als
1095 898 1163 962 der
1184 899 1326 983 illere,
1349 922 1434 965 vor-

294 1009 410 1096 gehe'
433 1009 476 1074 Π.
493 1031 525 1094 p.
542 1008 605 1074 538
627 1031 659 1073 n.
677 1009 698 1072 2
721 1008 877 1093 probabili
900 1009 1181 1093 argumentatione
1204 1009 1435 1075 demonstravit

293 1123 326 1185 et
347 1119 429 1204 Lupi
451 1119 645 1184 sententiam
674 1120 788 1184 ceteris
815 1119 946 1196 minime
974 1119 1112 1204 priorem
1140 1120 1300 1185 exstitisse
1328 1121 1436 1186 docuit

292 1230 454 1295 Iohannes
469 1229 642 1294 Muellerus
663 1229 698 1295 in
720 1231 958 1314 programmate
987 1229 1114 1295 scholae
1137 1230 1381 1315 Oenopoutinae
1404 1255 1433 1297 a.

266 1340 494 1425 ,1861011111
538 1340 651 1425 Neque
682 1343 793 1404 tamen
826 1340 909 1424 quod
941 1339 1010 1423 ipse
1037 1340 1098 1404 sihi
1127 1341 1245 1406 eruisse
1272 1342 1359 1406 visus
1386 1345 1435 1408 est

292 1451 457 1535 probabile
480 1454 536 1515 est.
580 1451 634 1516 Sic
656 1451 741 1515 enim
764 1450 892 1514 scribit:
931 1449 1003 1513 ‘Die
1026 1449 1125 1515 slelle
1153 1452 1196 1515 ist
1223 1452 1433 1517 0011111101-

293 1565 418 1627 setzen:
456 1560 621 1626 Zundchst
642 1583 709 1625 nun
732 1561 807 1625 kam
836 1561 891 1623 der
913 1560 1043 1644 Antrag
1072 1561 1127 1626 des
1148 1560 1356 1646 Hortensius,
1387 1562 1434 1626 als

292 1673 349 1736 der
370 1671 583 1738 Volhstribun
604 1672 712 1756 Lupus
734 1671 794 1735 mit
815 1671 872 1734 der
893 1669 1108 1756 Anmuthung
1136 1671 1275 1754 austrat,
1306 1672 1379 1737 weil
1401 1694 1436 1737 er

292 1782 392 1847 selbst
419 1782 515 1847 einen
537 1782 667 1867 Antrag
694 1781 753 1846 auf
776 1780 948 1865 Pompejus
975 1780 1106 1866 gestellt
1132 1780 1232 1865 habe,
1266 1803 1301 1846 so
1327 1782 1434 1847 k'dnne

292 1914 327 1957 er
354 1893 406 1958 die
432 1892 617 1958 Vomahme
649 1892 706 1956 der
732 1891 964 1976 Abstimmung
995 1913 1051 1955 vor
1079 1891 1141 1955 deu
1169 1890 1310 1957 Oousuln
1338 1892 1434 1959 bean·

292 2005 467 2088 spmchen:
504 2003 565 2068 Die
586 2003 774 2087 Forderung
802 2002 857 2066 des
879 2001 987 2085 Lupus
1014 2002 1097 2086 ging
1126 2002 1193 2066 also
1215 2001 1301 2067 wohl
1322 2002 1433 2086 dahiu,

292 2115 376 2197 dass,
400 2113 473 2178 weil
495 2135 529 2186 er
551 2113 599 2177 als
620 2113 743 2177 'l'ribun
765 2113 872 2177 neben
894 2113 957 2176 den
978 2111 1212 2198 Vorschldgcn,
1235 2113 1355 2178 welche
1377 2135 1434 2178 aus

292 2225 349 2290 der
369 2245 433 2289 von
455 2225 517 2288 den
533 2223 675 2289 Consuln
697 2222 741 2286 im
756 2223 982 2307 Allgemeiuen
997 2224 1228 2288 anberaumten
1245 2222 1435 2309 Berathung

292 2335 477 2400 erwaehsen
498 2355 624 2417 waren,
656 2334 716 2396 mit
743 2333 847 2398 einem
875 2333 1040 2398 bestimmt
1061 2333 1264 2397 formulirten
1286 2335 1434 2419 Antrage

292 2444 555 2529 hervorgetreten
578 2443 633 2528 sei,
656 2465 690 2507 er
712 2445 769 2508 das
791 2442 897 2508 Recht
918 2443 1011 2526 habe,
1035 2442 1111 2507 cher
1132 2443 1210 2507 iiber
1232 2443 1343 2508 seinen
1367 2444 1433 2508 An-

293 2558 369 2640 trag
391 2554 583 2619 abstimmen
605 2576 644 2618 zu
664 2553 782 2637 lassen,
807 2553 854 2617 als
876 2553 927 2618 die
950 2552 1093 2618 Consuln
1114 2553 1193 2617 iiber
1211 2553 1312 2638 jene.'

376 2663 466 2730 Beue
486 2665 565 2730 fecit
587 2665 635 2729 vir
656 2664 872 2746 doctissimus,
903 2664 986 2748 quod
1014 2665 1064 2728 sat
1086 2663 1271 2728 dubitanter
1292 2668 1326 2729 et
1347 2686 1433 2730 vere-

294 2776 397 2841 cunde
418 2775 556 2859 scripsit.
601 2775 647 2840 Ut
675 2775 761 2840 enim
788 2775 933 2839 omittam
959 2775 994 2838 in
1016 2774 1077 2838 hac
1099 2774 1364 2860 interpretatione
1385 2776 1433 2839 in-

296 2907 375 2971 esse,
399 2907 480 2978 quae
495 2887 530 2950 in
544 2884 655 2949 latinis
670 2885 775 2950 verbis
797 2885 928 2949 omnino
950 2906 1017 2949 non
1038 2885 1160 2968 insunt,
1184 2885 1219 2949 in
1240 2884 1327 2950 hunc
1349 2907 1433 2950 erro-

292 3019 361 3062 rem
376 2996 532 3062 abductus
548 2998 607 3080 est,
630 2998 667 3059 ut
688 2997 902 3061 discessionem
922 2995 1026 3076 fecere
1047 2995 1278 3081 Abstimmung
1298 2995 1432 3060 vorneh-
1473 3081 1479 3090 ι

291 3129 376 3191 men,
400 3107 593 3172 abstimmen
615 3107 722 3171 lassen
743 3106 1019 3190 interpretaretur.
1051 3105 1146 3171 Cuius
1168 3105 1433 3190 quidemerroris

291 3218 342 3282 vel
357 3217 459 3283 socios
474 3219 525 3282 vel
540 3219 685 3282 auctores
699 3216 798 3282 habet
812 3215 1017 3297 Freundium,
1035 3215 1254 3300 Georgesium,
1269 3216 1433 3309 KIotzium

292 3329 371 3392 alios
386 3326 630 3414 lexicographos
646 3327 908 3410 consultissimos,
932 3325 987 3410 qui
1009 3328 1223 3392 discessionem
1235 3326 1340 3407 fecere
1361 3349 1432 3412 ger-

291 3439 417 3503 manice
445 3440 583 3504 reddunt
617 3438 688 3502 eine
715 3437 948 3522 Abstimmung
982 3435 1082 3501 durch
1109 3435 1293 3500 Discession
1320 3459 1432 3502 veran-

291 3549 413 3633 Iassen,
442 3547 542 3613 durch
564 3548 752 3614 Discession
780 3548 905 3612 votiren
933 3547 1050 3612 lassen.
1096 3545 1167 3611 Hoc
1194 3547 1294 3611 latine
1317 3547 1433 3611 dicitur

294 3661 507 3726 discessionem
529 3661 600 3744 pieni
620 3660 725 3724 intere
747 3661 780 3722 01
800 3657 1048 3742 magistratuum
1068 3656 1141 3741 fuit,
1174 3657 1332 3742 imprimis
1360 3678 1432 3721 con-

292 3769 406 3853 sulum,
430 3769 485 3854 qui
507 3769 673 3834 sollemnia
694 3768 750 3832 illa
771 3769 868 3833 verba
889 3768 1159 3851 pronuntiabant:
1173 3751 1247 3848 ¹Qni
1268 3768 1343 3832 hoec
1364 3788 1431 3832 sen-

274 3882 357 3945 ·titis
377 3881 414 3945 in
435 3881 517 3945 dane
532 3884 667 3963 partem,
692 3881 747 3961 qni
769 3880 836 3943 alin
858 3879 967 3943 omnic
988 3879 1024 3943 in
1045 3879 1136 3943 illem
1145 3883 1272 3961 partem
1293 3880 1344 3956 ite,
1368 3898 1432 3959 qne

290 3991 419 4058 sentitis.
465 3989 516 4056 Of.
539 3988 624 4053 Plin.
648 4010 698 4072 ep.
721 3987 812 4053 VIII.
838 3988 889 4052 14.

376 4101 423 4164 At
443 4121 518 4164 vero
540 4101 755 4165 discessionem
767 4099 870 4180 fecere
892 4098 1014 4163 duobus
1029 4099 1134 4163 verbis
1149 4097 1233 4161 idem
1255 4097 1429 4181 significat,

292 4210 375 4296 quod
398 4211 549 4276 discedere
571 4212 604 4274 01
625 4209 809 4296 germanice
831 4208 1020 4274 vertendum
1047 4211 1097 4272 est
1124 4207 1224 4272 durch
1245 4206 1433 4272 Discession

292 4321 494 4404 abstimmen,
517 4318 617 4385 durch
631 4319 815 4384 Discession
836 4319 973 4384 votiren.
1003 4318 1092 4383 Idem
1115 4318 1285 4382 discrimen
1307 4317 1433 4382 faciunt

291 4432 462 4522 scriptores
484 4431 609 4518 graeci,
643 4430 726 4518 apud
754 4451 833 4518 quos
860 4428 899 4494 dc
927 4427 978 4494 his
1006 4429 1099 4498 rebus
1122 4449 1226 4494 sermo
1248 4430 1312 4512 est,
1347 4427 1432 4494 inter
