3334 5158
804 347 1011 412 ..22-

340 521 516 607 quibusque
532 519 561 584 ei
576 518 709 604 Epicuri
723 521 844 584 sectam
858 517 964 584 iocose
986 517 1158 602 dissuadet,
1181 517 1370 602 praesertim
1390 517 1481 584 iuris·

233 676 236 681 -
341 631 497 697 consulto.

426 741 591 825 ‘Mirabar,
615 740 692 826 quid
714 742 808 824 esset,
832 740 916 824 quod
937 743 973 804 tu
994 739 1074 804 mihi
1095 739 1221 804 litteras
1242 738 1483 804 mittereinter·

340 852 491 917 misisses.
521 851 681 916 indicavit
694 849 773 914 mihi
788 849 895 916 Pansa
909 873 998 916 meus
1009 851 1204 935 Epicureum
1218 852 1251 914 te
1266 871 1335 914 esse
1348 849 1481 915 facturn.

342 1001 382 1011 -
404 1001 445 1010 -
468 962 530 1028 Sed
552 983 690 1046 quonam
712 960 805 1025 modo
826 961 875 1026 ius
899 960 991 1026 civile
1013 960 1164 1026 defendes
1171 1010 1180 1044 ,
1204 982 1276 1026 cum
1298 960 1406 1026 omnia
1427 963 1484 1026 tua

343 1096 439 1139 causa
461 1073 561 1138 facias
583 1094 650 1138 non
673 1071 813 1136 civium?
842 1069 906 1136 Ubi
921 1092 1015 1156 porro
1036 1070 1093 1135 illa
1109 1071 1171 1136 erit
1184 1070 1323 1136 formula
1337 1071 1482 1155 fiduciae,

342 1184 401 1250 VT
422 1183 559 1248 INTER
582 1173 725 1248 BONOS
748 1180 867 1247 BENE
889 1180 1028 1246 AGIER
1044 1180 1270 1278 OPORTET?
1300 1180 1376 1266 Ouia
1400 1181 1486 1246 enim

348 1297 405 1378 est,
421 1295 477 1378 qui
491 1293 572 1357 facit
586 1291 670 1357 nihil
684 1291 748 1356 nisi
763 1313 821 1356 sua
833 1291 954 1356 eausa?
983 1291 1073 1368 Ouod
1084 1293 1134 1356 ius
1146 1294 1267 1358 statues
1280 1291 1486 1360 COMMVNI

344 1403 606 1487 DIVIDVNDO,
631 1423 703 1466 eum
726 1423 892 1467 commune
914 1401 996 1466 nihil
1017 1403 1119 1487 possit
1141 1423 1210 1466 esse
1232 1403 1316 1486 apud
1339 1423 1408 1487 eos,
1432 1403 1486 1487 qui

343 1515 450 1579 omnia
472 1514 635 1597 voluptate
657 1535 715 1578 sua
736 1512 937 1577 metiuntur?
965 1511 1127 1588 Quomodo
1150 1515 1256 1577 autem
1270 1513 1331 1577 tibi
1345 1512 1487 1598 placebit

344 1623 487 1692 IOVEM
508 1624 648 1708 lapidem
671 1624 788 1708 iurare,
813 1645 884 1688 cum
906 1623 988 1688 scias
1004 1621 1112 1687 Iovem
1133 1622 1252 1688 iratum
1274 1643 1342 1688 csse
1363 1624 1486 1689 nemini

344 1735 460 1822 posse?
489 1733 572 1811 Ouid
593 1733 650 1798 fiet
670 1755 765 1818 porro
780 1732 897 1818 populo
912 1732 1088 1818 Ulubrano,
1111 1733 1139 1798 si
1153 1736 1190 1800 tu
1210 1735 1372 1819 statueris,
1395 1739 1486 1802 πολι·

345 1847 486 1914 τεύεεθαι
507 1866 574 1909 non
596 1843 781 1928 oportere?’

351 2039 354 2047 1
430 1955 470 2020 In
492 1954 543 2020 his
564 1954 630 2018 iam
644 1954 811 2019 Manutius
832 1953 906 2039 fuit,
930 1954 985 2038 qui
1007 1953 1045 2018 de
1061 1954 1241 2039 corruptela
1256 1955 1487 2040 suspicaretur:

349 2068 405 2132 ‘Et
427 2067 528 2150 abest,
551 2065 667 2149 inquit,
690 2063 752 2129 hoc
772 2066 877 2128 totum
896 2101 930 2112 -
951 2065 1029 2146 Quis
1051 2067 1135 2131 enim
1156 2071 1207 2146 est,
1230 2067 1286 2150 qui
1303 2067 1383 2148 facit
1396 2068 1486 2146 nibil,

346 2180 412 2244 nisi
432 2197 492 2243 sao
514 2196 612 2242 eausa
633 2211 677 2224 —
699 2197 718 2239 a
740 2174 861 2240 duobus
888 2175 1029 2260 antiquis
1055 2175 1162 2260 libris,
1196 2179 1228 2241 et
1255 2176 1334 2241 mihi
1361 2177 1488 2262 quidem

348 2288 427 2353 satis
448 2285 602 2371 frigidum
622 2285 764 2370 videtur3
787 2285 852 2350 iam
875 2308 946 2350 eum
968 2286 1183 2372 superioribus
1205 2286 1361 2352 formulae
1382 2287 1488 2354 verbis

349 2397 402 2484 qui
426 2395 596 2462 cohaeret?

432 2507 504 2572 Hoo
525 2506 700 2591 prudenter
721 2506 916 2592 dubitatum,
945 2507 1010 2572 nisi
1038 2508 1122 2574 forte
1150 2508 1274 2574 censuit
1302 2509 1366 2574 ista
1392 2510 1490 2574 verba

350 2617 496 2685 Ciceroni
528 2617 658 2682 omnino
692 2617 904 2682 abiudicanda
936 2639 1019 2703 esse,
1052 2641 1134 2704 quae
1166 2623 1259 2688 acute
1290 2620 1490 2705 inquirentes

348 2750 478 2815 prorsus
500 2730 680 2794 necessaria
703 2749 770 2792 esse
792 2728 1013 2814 intelligimus.
1044 2729 1127 2796 Sunt
1149 2731 1234 2795 enim
1255 2731 1491 2816 quinquecon-

350 2839 442 2905 tinua
464 2839 633 2904 enuntiata
654 2839 859 2924 bimembris,
893 2863 973 2925 quae
1007 2844 1157 2906 constant
1189 2863 1225 2906 ex
1257 2841 1492 2928 interrogativa

350 2950 512 3016 sententia
541 2952 573 3014 et
599 2949 788 3034 insequente
816 2951 931 3035 altera,
965 2973 1028 3036 qua
1054 2951 1142 3035 prior
1167 2952 1332 3035 probatur.
1376 2953 1491 3018 Altera

352 3065 460 3127 autem
481 3061 529 3124 ita
550 3059 668 3144 ubique
691 3063 873 3145 comparata
894 3065 952 3147 est,
976 3065 1013 3126 ut
1035 3065 1066 3126 ct
1080 3061 1217 3146 incipiat
1231 3084 1250 3126 a
1266 3063 1492 3128 coniunctione

352 3172 472 3238 causali
505 3174 537 3236 et
570 3193 608 3236 ex
641 3170 747 3256 priore
778 3173 940 3237 sententia
973 3173 1145 3257 repetitum
1172 3172 1240 3238 fere
1266 3171 1385 3238 habeat
1412 3173 1490 3238 illud

351 3283 493 3366 verbum,
515 3281 550 3345 in
572 3303 634 3366 quo
655 3282 830 3346 maximum
851 3285 1048 3348 momentum
1069 3285 1209 3368 positum
1231 3287 1289 3348 est.
1328 3277 1398 3348 Iam
1419 3285 1493 3349 vide

352 3394 440 3476 mihi,
465 3415 559 3477 quam
580 3414 694 3476 parum
715 3393 765 3457 his
787 3393 1001 3478 respondeant
1022 3393 1201 3479 illassverba,
1224 3416 1305 3480 quae
1321 3394 1356 3458 in
1371 3395 1493 3480 discep-

285 3505 290 3515 '
351 3505 508 3570 tationem
530 3503 721 3568 vocavimus
766 3503 1037 3590 Interrogativam
1066 3504 1151 3568 enim
1178 3507 1387 3570 sententiam:
1430 3504 1495 3572 Ubi

346 3636 445 3700 porro
472 3615 531 3680 illo
557 3616 617 3679 erit
640 3614 781 3695 formato
806 3615 941 3698 fiduciae
968 3614 1026 3680 VT
1047 3614 1184 3680 INTER
1206 3614 1350 3682 BONOS
1372 3614 1493 3682 BENE

354 3724 491 3790 AGIER
515 3723 717 3789 OPORTET
745 3725 847 3789 altera
875 3725 1033 3810 sequitur,
1063 3747 1125 3809 qua
1152 3727 1230 3791 item
1257 3726 1492 3811 interrogatur:

357 3836 434 3917 Quis
455 3836 539 3900 caim
561 3840 618 3913 est,
646 3837 702 3918 qai
726 3834 806 3915 fucit
831 3837 914 3902 cibit
939 3837 1004 3901 nisi
1030 3856 1091 3901 sou
1113 3837 1233 3902 causo?
1275 3836 1359 3900 Illud
1387 3839 1494 3902 autem

353 3946 496 4029 verbum,
514 3944 563 4008 oui
576 3945 750 4009 maximum
761 3945 847 4010 inest
857 3948 1053 4011 momentum
1065 3943 1219 4030 BONOS,
1235 3946 1355 4011 frustra
1366 3950 1495 4032 quaeris

355 4057 421 4122 sive
449 4056 554 4140 ipsum
581 4056 769 4140 repet'tum,
803 4056 869 4122 sive
900 4056 1079 4121 indicatum
1110 4057 1309 4142 pronomine.
1356 4057 1495 4125 Orellius

355 4167 483 4252 quidem
511 4187 614 4251 neque
647 4169 796 4231 naturam
827 4167 1024 4252 corruptelae
1056 4167 1234 4252 perspexit,
1268 4189 1371 4252 neque
1403 4190 1495 4235 auam

356 4277 610 4342 emendationem
626 4277 783 4362 cuiquam,
807 4277 930 4363 opinor,
951 4277 1110 4362 probabit.
1141 4277 1231 4342 Haeo
1254 4278 1396 4344 enimin
1412 4301 1496 4346 mar-

356 4387 432 4473 gine
454 4387 575 4472 posuit:
602 4386 691 4454 Fert.
718 4387 796 4469 Quis
817 4390 900 4455 caim
921 4385 1011 4474 (beno
1032 4391 1116 4475 opat)
1138 4389 1194 4472 qai
1213 4389 1293 4470 facit
1313 4393 1365 4454 cet.
