3334 5158
499 1273 750 1341 rossanus
783 1276 1067 1343 uanossrus
1134 1345 1136 1350 ,

236 1460 520 1560 ualoualoo
553 1461 871 1563 RITSOHELIO
903 1464 1326 1566 PHuouosoRUM

594 1675 597 1680 “
660 1683 902 1782 ΡΒΙΝΟΙΡΙ

742 1899 769 1954 S.
786 1900 820 1954 D.

210 2076 263 2160 Ut
284 2099 382 2160 antea
404 2117 509 2180 saepe,
533 2096 580 2161 ita
601 2095 663 2161 hoo
684 2097 823 2161 maxime
845 2119 943 2183 anno,
970 2119 1032 2182 quo
1053 2097 1250 2162 Litterarum
1271 2097 1352 2163 Uni-

209 2207 344 2272 versitas
366 2205 541 2271 Fridericia
556 2206 728 2271 Guilelmia
742 2205 912 2293 Rhenana,
938 2209 1027 2274 cuius
1047 2208 1097 2272 Tu
1118 2208 1280 2293 quondam
1301 2209 1349 2272 in·

209 2317 302 2402 signe
324 2317 420 2382 decus
443 2319 476 2381 et
496 2317 617 2402 ingens
638 2316 730 2382 fuisti
751 2317 961 2402 praesidium,
991 2340 1012 2381 x
1033 2317 1206 2382 lustrorum
1233 2317 1352 2383 felicis-

208 2427 286 2492 sime
307 2430 510 2511 peractorum
532 2426 719 2492 memoriam
743 2427 936 2512 celebrabat,
960 2427 1103 2492 absentis
1118 2427 1179 2492 Tui
1194 2428 1351 2493 desiderio

209 2538 353 2623 graviter
383 2537 532 2602 commoti
561 2559 680 2602 sumus.
724 2537 785 2602 Illa
818 2539 905 2603 enim
927 2539 1118 2622 Academia,
1152 2538 1193 2602 ab
1226 2538 1350 2624 exiguis

206 2648 352 2733 profecta
373 2647 572 2732 primordiis,
605 2669 678 2712 oum
705 2669 779 2713 mox
806 2648 903 2713 latius
932 2649 1110 2714 clarescens
1138 2648 1278 2713 nominis
1301 2650 1350 2714 sui

206 2758 294 2823 fama
327 2761 430 2822 totam
463 2757 671 2823 Germaniam
703 2757 916 2842 implevisset,
953 2761 1080 2844 partam
1114 2780 1133 2822 a
1166 2757 1348 2843 Welokero,

207 2867 404 2954 Schlegelio,
437 2867 614 2933 Niebuhrio
643 2868 777 2952 aliisque
800 2869 926 2932 laudem
948 2869 1106 2954 singulari
1135 2869 1260 2954 ingenii
1288 2868 1349 2933 Tui

206 2978 406 3063 praestantia
433 2978 594 3044 firmatam
621 2978 702 3043 vidit
730 2981 763 3043 et
790 2981 927 3044 auctam.
972 2979 1034 3045 sed
1066 2978 1211 3064 equidem
1233 3000 1299 3044 non
1320 2979 1348 3042 is

206 3111 287 3173 sum,
310 3089 365 3173 qui
386 3089 462 3172 quid
484 3089 532 3152 illi
553 3089 734 3154 litterarum
756 3089 824 3154 sedi
843 3089 1043 3172 praestiteris
1058 3091 1137 3155 satis
1152 3089 1252 3175 digne
1266 3110 1349 3154 com·

207 3220 395 3282 memorcm3
428 3219 487 3262 nos
509 3219 583 3262 vero
590 3248 599 3282 ,
633 3200 688 3284 qui
710 3199 756 3264 Te
783 3202 989 3283 praeceptore
1011 3201 1061 3265 usi
1088 3221 1212 3284 sumus,
1245 3199 1348 3263 Tuam

205 3309 406 3393 memoriam,
436 3311 531 3394 grata
553 3309 670 3394 piaque
691 3310 911 3374 recordatione
933 3310 979 3374 'l'e
1000 3312 1246 3395 prosequentes,
1276 3312 1347 3374 tan-

205 3441 301 3504 quam
321 3419 457 3504 perenni
484 3423 692 3484 monumento
719 3419 914 3484 ornabimus.
960 3419 1239 3504 Quotienscunque
1261 3419 1348 3484 enim

204 3529 439 3594 reminiscimur
461 3551 498 3593 ea
519 3532 674 3614 tempora,
699 3551 779 3614 quae
795 3529 929 3594 Bonnae
950 3530 1067 3594 litteris
1089 3551 1220 3615 operam
1241 3530 1347 3596 dando

204 3639 432 3725 transegimus,
455 3639 667 3705 libentissime
689 3640 801 3705 haeret
822 3639 948 3704 animus
970 3642 1080 3704 noster
1099 3640 1135 3704 in
1151 3639 1346 3726 cogitatione

206 3772 314 3816 eorum
335 3750 502 3834 bonorum,
527 3771 609 3835 quae
630 3771 688 3835 per
702 3750 748 3814 Te
763 3770 873 3814 onmes
896 3771 965 3815 sese
988 3752 1175 3815 consecutos
1191 3771 1259 3814 esse
1274 3743 1365 3834 pro-⁴

204 3860 396 3944 fitebuntur,
425 3859 491 3924 sive
513 3860 633 3926 Tecum
654 3863 819 3926 versantes
842 3859 927 3924 domi
949 3860 1052 3945 Tuae,
1083 3860 1205 3926 sivein
1228 3860 1362 3924 scholis.

205 3971 294 4053 Tuis,
319 3969 442 4034 sivein
465 3971 647 4056 seminario,
672 3971 723 4036 cui
738 3970 787 4034 'l'u
807 3991 967 4055 praeeras,
990 3969 1197 4055 philologico.
1242 3969 1346 4046 Quam

204 4081 290 4146 euim
311 4079 416 4144 facilis
439 4101 509 4144 eras
538 4081 642 4165 aditu,
671 4103 767 4166 quam
795 4081 944 4166 expedita
972 4083 1041 4146 erat
1068 4080 1108 4145 ad
1131 4081 1176 4146 Te
1198 4080 1345 4165 Tuosque

205 4191 268 4274 via,
292 4193 329 4254 ut
350 4190 508 4274 omnibus,
532 4195 687 4277 quotquot
708 4191 759 4256 vel
780 4191 945 4276 paululum
960 4191 1062 4256 Tuam
1082 4191 1220 4276 gratiam
1243 4212 1344 4255 mere·

203 4303 292 4385 rent,
321 4303 353 4366 et
381 4302 492 4366 domus
521 4305 553 4366 et
580 4302 775 4368 bibliotheca
796 4301 865 4366 Tua
886 4304 1046 4386 paterent.
1091 4301 1141 4366 Ibi
1163 4300 1212 4366 Tu
1234 4301 1342 4386 alium,

203 4412 318 4478 timore
340 4412 478 4498 quodam
500 4415 700 4497 occupatum,
730 4412 831 4480 amice
860 4412 1037 4500 cohortari,
1072 4412 1186 4498 alium,
1219 4411 1344 4501 ingenii
