3334 5158
684 399 897 462 ...15-

212 558 329 622 rimum
344 561 454 625 iuvare
464 564 649 646 potueruut,
666 564 819 630 invidisse
831 567 985 652 dignitati
999 571 1085 651 tuae,
1101 568 1358 655 simillimamque

211 669 246 732 in
275 691 309 732 re
338 670 485 734 dissimili
512 675 558 736 tui
586 676 739 758 temporis
767 699 856 741 nunc
883 680 916 741 et
942 678 1045 742 nostri
1072 679 1233 762 quondam
1260 681 1359 745 fuisse

211 779 385 845 rationem:
408 783 444 844 ut
465 803 543 866 quos
565 785 602 847 tu
624 785 819 870 reipublicae
843 809 938 852 causa
960 788 1109 873 laeseras,
1133 790 1242 872 palam
1256 793 1289 854 te
1304 813 1358 874 op-

212 894 413 975 pugnarent:
448 913 581 976 quorum
610 897 852 981 auctoritatem,
883 898 1076 983 dignitatem
1098 899 1358 986 voluntatemque

212 999 401 1066 defenderas
430 1024 497 1067 non
524 1007 592 1068 tam
619 1005 821 1072 immemores
850 1011 959 1073 essent
980 1009 1109 1074 virtutis
1137 1012 1228 1094 tuae,
1262 1033 1358 1095 quam

214 1109 318 1175 laudis
339 1112 487 1179 inimici’

293 1221 333 1287 In
361 1223 422 1289 hoc
450 1225 519 1290 loco
548 1228 762 1313 emendanda,
798 1252 871 1294 cum
898 1231 1002 1295 omnis
1030 1252 1127 1316 opera
1155 1252 1192 1295 eo
1219 1233 1357 1297 maxime

210 1332 424 1420 contineatur,
448 1339 485 1400 ut
499 1329 643 1403 Medioeo
666 1340 768 1404 codici
790 1363 881 1404 suum
904 1341 1107 1406 restituatur·
1114 1341 1264 1426 pretium,
1287 1342 1357 1407 bre-

208 1441 291 1507 viter
318 1443 413 1532 fungi
442 1470 573 1513 munere
600 1449 686 1514 licet.
732 1449 838 1516 Codex
866 1451 952 1514 enim
979 1451 1033 1515 ille
1058 1451 1355 1536 praestantissimus

209 1573 273 1618 aaa
287 1559 355 1620 tum
369 1577 517 1623 memores
531 1559 639 1644 habet,
661 1564 699 1625 ut
714 1559 825 1626 Cicero
841 1561 876 1625 in
891 1561 977 1626 hanc
992 1561 1188 1626 sententiam
1202 1561 1354 1627 disserat:

209 1661 295 1738 Quos
321 1670 358 1731 tu
387 1668 464 1732 olim
492 1670 687 1754 reipublicae
710 1693 806 1736 causa
829 1671 966 1754 laesisti,
1002 1671 1031 1735 ei
1058 1694 1146 1736 nuuc
1174 1672 1222 1736 tui
1250 1673 1352 1756 aperti

208 1777 331 1841 inimici
354 1782 445 1863 sunt3
468 1802 545 1864 quos
567 1784 604 1845 tu
619 1782 696 1846 olim
717 1781 900 1864 defendisti,
924 1781 952 1845 ei
975 1782 1080 1866 magis
1102 1781 1188 1844 laudi
1209 1785 1284 1846 tuae
1306 1782 1355 1846 in·

208 1887 327 1972 vident,
350 1869 445 1973 quam
468 1894 562 1975 grato
585 1892 692 1956 animo
714 1893 843 1956 virtutis
865 1895 939 1956 tuae
961 1892 1181 1956 recordantur.
1222 1892 1352 1976 Contra,

208 1999 315 2081 qualia
337 2021 435 2084 supra
462 2002 503 2064 ab
527 2001 646 2066 Orellio
674 2004 794 2087 scripta
822 2005 913 2085 sunt,
942 2002 990 2065 ita
1016 2001 1230 2067 intellexeris:
1268 2001 1352 2078 Quos

209 2111 243 2171 tu
264 2109 341 2172 olim
363 2132 401 2173 ex
424 2111 618 2194 reipublicae
641 2113 838 2176 dissensione
860 2112 993 2196 laesisti,
1018 2113 1045 2176 ei
1068 2134 1156 2176 nnnc
1179 2112 1283 2196 aperti
1304 2113 1351 2175 tui

207 2219 330 2283 inimici
345 2223 436 2304 sunt3
459 2244 536 2306 quos
558 2225 595 2286 tu
617 2223 693 2286 olim
716 2223 898 2305 defendisti,
923 2224 999 2285 sunt
1019 2221 1067 2285 illi
1082 2223 1210 2307 quidem
1225 2209 1352 2286 virtutis

207 2332 281 2394 tuae
303 2353 369 2396 non
392 2332 603 2418 immemoreS,
626 2334 681 2397 sed
703 2333 791 2397 laudi
812 2336 887 2397 tuae
901 2333 1058 2396 invident.
1089 2331 1128 2396 In
1144 2333 1258 2416 quibus
1273 2333 1352 2396 illud

207 2440 349 2526 offendit,
373 2443 456 2526 quod
476 2465 542 2508 non
565 2445 647 2508 bene
669 2465 825 2508 memores
848 2442 911 2506 dici
933 2446 1068 2526 possunt
1091 2444 1130 2526 ei,
1154 2445 1209 2527 qui
1224 2443 1352 2506 laudem

207 2551 303 2616 alicui
325 2551 482 2637 invident,
505 2576 601 2638 aquo
616 2557 713 2618 antea
736 2553 860 2618 defensi
875 2556 961 2618 sunt.
992 2553 1037 2616 Et
1058 2555 1094 2616 ut
1115 2553 1252 2642 possint,
1276 2553 1352 2638 quid

101 2711 108 2736 ,
206 2664 314 2746 refert,
337 2663 502 2748 ingratine
517 2665 594 2748 siut,
618 2687 661 2729 an
676 2664 822 2749 maligni.
853 2663 983 2727 Lentuli
999 2667 1085 2727 certe
1107 2663 1238 2727 minime
1253 2664 1351 2728 inter·

206 2777 285 2857 erat,
309 2777 418 2837 utrum
440 2796 516 2838 suae
538 2775 666 2838 virtutis
695 2774 870 2857 oblivione,
898 2796 941 2838 an
968 2773 1072 2837 laudis
1094 2773 1216 2837 invidia
1238 2779 1266 2837 ei
1289 2774 1350 2838 sibi

206 2883 460 2968 adversarentur,
484 2885 523 2948 de
545 2885 659 2969 quibus
682 2887 778 2949 antea
798 2883 1027 2948 benemeritus
1043 2886 1137 2948 esset.
1167 2882 1239 2948 Hoc
1255 2906 1350 2970 aegre

204 2993 345 3078 ferebat,
375 3017 409 3060 se
438 2995 535 3060 etiam
564 2995 604 3060 ab
626 2994 690 3059 illis
713 2995 826 3077 deseri,
856 2994 1011 3078 aquibus
1033 2994 1165 3057 minime
1187 2995 1348 3078 sperabat.

205 3102 308 3178 Quare
332 3127 403 3169 cum
425 3107 545 3191 optime
568 3127 602 3170 se
624 3105 752 3192 habeat,
781 3105 864 3190 quod
886 3105 998 3189 optimi
1022 3104 1139 3168 codicis
1161 3107 1350 3169 auctoritate
1399 3091 1400 3098 ἵ

205 3214 337 3298 nititur,
367 3237 434 3280 non
459 3216 538 3280 item
565 3217 648 3301 quod
674 3235 763 3280 nunc
785 3215 918 3300 legitur,
947 3213 1166 3299 reponendum
1187 3214 1267 3278 illud
1288 3219 1347 3299 est,

205 3328 238 3388 et
258 3328 347 3390 recto
369 3327 486 3392 iudicio
508 3305 651 3412 reposuit
672 3325 852 3390 Fridericus
867 3325 1074 3390 Hofmannus
1096 3325 1132 3389 in
1153 3323 1280 3389 selectis
1298 3325 1348 3391 Ci-

205 3436 329 3500 ceronis
352 3437 507 3522 epistulis,
528 3460 609 3523 quae
625 3460 664 3502 ex
678 3435 887 3501 Weidmauni
909 3436 1041 3500 officina
1053 3434 1196 3500 Berolini
1218 3457 1247 3500 a.
1267 3435 1349 3501 1860

202 3547 402 3631 prodieumt.
431 3547 532 3612 Paulo
546 3552 620 3634 post
633 3549 718 3612 idem
732 3547 938 3612 Hofmannus
953 3547 1035 3611 libro
1050 3546 1213 3610 Mediceae
1234 3546 1347 3610 biblio-

202 3658 315 3722 thecae
337 3657 497 3742 largiente
525 3661 555 3723 εἰ
581 3660 705 3741 aliquid
735 3663 811 3723 essct
838 3659 990 3740 offerasum
1017 3657 1086 3720 iure
1108 3655 1254 3740 adscivit,
1288 3679 1346 3741 pro

202 3767 272 3852 illo,
307 3768 390 3853 quod
418 3768 556 3833 Orellius
589 3769 761 3853 scripserat
792 3770 844 3832 sia
870 3769 1001 3850 aliquid.
1047 3766 1108 3831 Sed
1136 3788 1208 3831 cum
1236 3767 1345 3831 eodem

202 3876 306 3942 fateor
327 3901 378 3944 me
399 3901 467 3944 non
490 3879 660 3945 convenire
676 3880 715 3944 de
730 3879 931 3945 emendanda
945 3877 1083 3943 Medicei
1097 3877 1171 3941 libri
1186 3877 1345 3960 scriptura

202 3995 302 4072 opere
323 3991 358 4055 in
379 3990 446 4076 his,
470 4012 551 4076 quae
572 3989 660 4055 infra
681 3991 811 4076 scripsi:

284 4102 311 4167 I.
336 4105 366 4188 7,
389 4104 426 4169 6:

186 4251 194 4266 κ
287 4214 339 4278 ‘ln
360 4215 422 4280 hac
444 4215 569 4279 ratione
591 4212 667 4298 quid
689 4234 750 4297 res,
775 4211 851 4297 quid
875 4231 979 4294 causa,
1001 4209 1077 4295 quid
1099 4211 1225 4294 tempus
1247 4210 1341 4295 ferat,

201 4325 236 4388 tu
257 4323 410 4391 facillime
438 4325 619 4410 optimeque
646 4324 836 4409 perspicies:
869 4321 945 4407 quid
971 4321 1076 4386 nobis·
1092 4320 1280 4405 placuisset,
1304 4342 1342 4386 ex

200 4452 251 4500 me
272 4436 474 4522 potissimum
494 4435 606 4521 putavi
627 4437 661 4499 te
682 4435 764 4500 scire
786 4436 955 4520 oportere?
