3334 5158
766 401 971 466 ..14-

298 581 394 642 antea
420 575 521 661 ipsius
543 575 702 640 diceretur
728 573 905 655 sententia,
934 571 968 634 iu
997 591 1129 655 eamque
1157 569 1308 633 discessio
1335 568 1437 632 fieret.

298 688 359 753 Sed
383 709 478 771 quone
493 687 630 751 consules
646 684 741 749 verba
756 683 928 747 manifesto
945 686 1094 765 corrupta
1110 684 1196 744 sunt.
1226 679 1337 764 Neque
1354 677 1440 742 enim

297 798 428 862 omnino
452 796 597 862 consules
620 794 845 860 discessionem
866 792 1046 870 faciebant,
1074 792 1128 856 sed
1152 790 1212 855 soli
1233 788 1441 854 discedebant

299 912 475 973 senatores.
506 906 555 972 cf.
578 905 696 990 langii
719 905 798 968 Ant.
821 902 915 968 Rom.
938 902 981 966 ΙΙ.
1004 925 1036 986 p.
1060 901 1132 985 324,
1155 901 1219 966 360
1240 922 1288 985 sq.
1318 899 1377 965 Oui
1394 898 1439 962 rei
1510 941 1518 952 .

301 1017 459 1103 refragari
482 1017 609 1081 videtur
631 1014 696 1080 Cic.
720 1037 766 1079 or.
790 1013 873 1078 Phil.
896 1011 985 1096 XIV,
1010 1013 1028 1077 7
1052 1013 1132 1076 extr.
1169 1011 1244 1076 Hos
1264 1012 1300 1075 tn
1321 1014 1440 1075 senten·

299 1131 361 1194 tias
387 1148 485 1206 meos,
514 1129 543 1192 si
571 1126 709 1191 consules
736 1126 934 1196 &centonem
959 1123 1062 1204 fucere
1089 1123 1269 1201 voluissent,
1299 1121 1442 1186 omnebus

298 1241 369 1304 istis
391 1239 566 1305 latronibus
588 1237 773 1302 auctoritate
793 1237 865 1317 ipso
885 1239 1013 1300 senatos
1026 1235 1230 1317 iampridem
1245 1235 1282 1298 dc
1296 1233 1442 1298 monibus

302 1370 396 1414 orma
418 1349 610 1412 cecidissent:
648 1347 703 1410 sed
730 1346 856 1410 videtur
881 1344 1115 1409 tantummodo.
1160 1343 1273 1428 Neque
1301 1345 1387 1408 enim
1414 1346 1443 1408 si

299 1460 437 1525 consoles
464 1458 562 1523 verba
585 1456 748 1522 Ciceronis
776 1459 868 1538 sunt,
899 1456 954 1520 sed
976 1455 1115 1520 Manutii
1144 1455 1341 1538 coniectura,
1370 1455 1443 1538 plus

300 1592 365 1634 uno
380 1569 509 1633 nomine
524 1567 617 1631 falsa.
648 1566 805 1651 Equidem
821 1565 1003 1630 aVaticani
1019 1568 1052 1629 et
1065 1565 1275 1649 plurimorum
1290 1565 1443 1629 librorum

300 1680 454 1744 memoria
469 1679 523 1762 qui
545 1679 646 1741 eicos
663 1677 769 1764 (cose.)
784 1679 900 1760 desipn.
917 1676 1103 1761 (designati)
1125 1675 1257 1760 habent,
1281 1675 1443 1760 profectus
1486 1664 1490 1670 ’

302 1790 348 1853 ita
370 1790 476 1873 potius
498 1786 585 1851 hunc
607 1787 712 1872 locum
735 1787 985 1851 emendaverim:
1015 1786 1090 1851 Hos
1111 1787 1147 1850 in
1168 1787 1338 1852 sententias
1359 1805 1445 1850 mens·

301 1903 330 1964 si
352 1920 429 1980 qnos
451 1900 612 1980 desipnooi
634 1899 663 1962 d.
684 1898 708 1977 f.
732 1920 759 1961 o.

389 2017 539 2112 Sednon
561 2041 664 2106 solum
685 2042 816 2126 linguae
839 2045 871 2105 et
894 2041 1096 2125 antiquitatis
1118 2065 1193 2126 usu,
1216 2064 1327 2106 verum
1349 2042 1445 2105 etiam

302 2154 484 2218 sententiae
498 2153 692 2216 necessitate
707 2150 902 2236 intelligitur
916 2151 972 2215 illa
986 2153 1084 2216 verba
1098 2154 1214 2217 vitiata
1230 2175 1308 2217 esse.
1338 2152 1445 2236 Lupus

182 2327 185 2331 .
303 2264 388 2327 enim
415 2285 487 2327 cum
510 2263 713 2347 cognovisset
728 2261 768 2324 ad
783 2259 950 2326 Hortensii
965 2263 1159 2327 sententiam
1174 2263 1285 2328 multis
1300 2262 1446 2348 partibus

302 2374 411 2458 plures
432 2373 535 2437 ituros
557 2393 637 2454 esse,
660 2373 773 2436 timere
796 2372 902 2455 coepit
924 2373 964 2436 ab
986 2371 1171 2437 Hortensio.
1215 2373 1326 2437 Voluit
1346 2372 1447 2457 igitur

304 2483 532 2548 discessionem
554 2483 660 2547 facere
681 2485 757 2545 ante
773 2503 868 2566 quam
882 2481 1083 2546 Hortensius.
1114 2482 1218 2558 Quare
1240 2485 1277 2546 ut
1299 2482 1447 2566 expedita
1474 2549 1475 2552 ,

305 2595 371 2658 sint
392 2594 500 2658 omnia
523 2593 726 2657 scribendum
749 2595 798 2656 est
820 2614 916 2674 quone
938 2593 1123 2658 consulares,
1161 2593 1206 2657 Et
1227 2593 1274 2657 ita
1296 2593 1331 2656 ni
1352 2592 1448 2656 fallor

304 2705 369 2768 iam
396 2705 431 2769 in
458 2703 545 2768 Vict.
573 2726 622 2788 pr.
646 2703 793 2768 Venetiis
815 2701 1001 2768 MDXXVI.
1046 2702 1118 2768 Viri
1151 2704 1237 2768 enim
1265 2703 1448 2768 consulares

305 2813 439 2878 Bibulus
461 2817 493 2878 et
507 2812 700 2878 Hortensius
722 2813 926 2898 intelligendi
948 2817 1033 2878 sunt.
1065 2812 1238 2889 Quaerenti
1260 2817 1366 2878 autem
1387 2813 1448 2876 tibi

306 2946 363 2988 cnr
384 2945 450 2987 non
477 2923 542 2986 iam
570 2922 687 2987 Bibulo
709 2923 816 3007 Lupus
844 2924 944 3006 idem,
973 2924 1056 3007 quod
1083 2923 1256 2992 Hortensio
1284 2923 1447 3007 obiecerit,

308 3033 485 3098 rectissime
500 3033 673 3117 respondet
687 3033 868 3097 Manutius:
891 3034 966 3117 quia
982 3033 1183 3098 senatoribus
1198 3055 1264 3098 non
1280 3033 1449 3098 admodum

308 3145 376 3208 eius
398 3143 528 3228 probari
550 3143 755 3228 sententiam,
778 3165 839 3208 nec
864 3144 904 3208 ab
927 3165 974 3228 ee,
998 3144 1053 3208 sed
1076 3145 1117 3208 ab
1139 3143 1312 3209 Hortensio
1334 3146 1449 3208 timen-

307 3254 382 3318 dum
409 3253 614 3338 intelligeret.
638 3253 826 3344 -Operae
859 3254 998 3338 pretium
1030 3254 1173 3319 facturus
1201 3254 1280 3318 mihi
1307 3255 1447 3337 videbar,

311 3364 339 3428 si
361 3363 400 3427 de
422 3363 574 3428 hocloco
602 3363 790 3447 explicatius
819 3385 1019 3448 exponerem.
1064 3363 1147 3427 Illud
1170 3367 1276 3428 autem
1299 3385 1450 3450 quaerere

310 3473 422 3558 nolim,
446 3495 508 3558 quo
530 3473 598 3538 iure
613 3473 720 3558 Lupus
741 3473 903 3559 postulare
925 3473 1074 3558 potuerit,
1098 3477 1135 3537 ut
1154 3475 1387 3540 sententiarum
1402 3497 1450 3540 or-

308 3584 399 3668 dine,
423 3605 518 3668 quem
541 3583 686 3648 consules
708 3587 906 3668 statuerant,
935 3584 1064 3667 relicto,
1088 3584 1173 3669 ipse,
1197 3586 1280 3670 quod
1302 3586 1450 3650 tribunus

307 3694 411 3779 plebis
427 3697 521 3777 esset,
538 3697 614 3758 ante
629 3716 723 3778 quam
737 3695 919 3760 consulares
930 3695 1155 3760 discessionem
1169 3696 1300 3761 faceret.
1331 3695 1451 3780 Utique

307 3827 391 3869 nova
413 3805 477 3868 fnit
499 3804 566 3868 eius
589 3804 691 3868 oratio
714 3808 747 3869 et
768 3806 889 3890 iniqua,
914 3807 964 3870 eui
980 3806 1090 3872 Cicero
1106 3806 1311 3872 vehementer
1331 3807 1371 3870 ab
1386 3815 1464 3870 om·'

308 3915 403 3980 nibus
425 3914 634 3979 reclamatum
656 3936 725 3979 esse
746 3916 855 3980 refert.

393 4075 421 4142 Ι.
445 4078 475 4160 7,
497 4077 518 4140 2
539 4075 586 4140 ita
608 4075 753 4141 exhibuit
776 4076 928 4142 Orellius:

396 4211 517 4276 ‘Unum
531 4213 610 4276 illud
625 4213 736 4297 audeo,
756 4215 840 4299 qnod
855 4217 952 4278 antea
965 4215 1026 4279 tibi
1041 4237 1135 4300 saepe
1151 4189 1340 4301 significavi,
1364 4236 1452 4281 nunc

310 4345 433 4409 quoque
455 4345 489 4388 re
511 4328 680 4408 perspecta
702 4326 734 4388 et
757 4325 887 4409 cognita
902 4325 1055 4391 scribere:
1078 4325 1283 4395 vehementer
1298 4327 1451 4411 quosdam

307 4434 463 4518 homines,
486 4437 519 4499 et
541 4455 594 4498 eos
615 4435 763 4519 maxime,
787 4436 842 4519 qui
864 4437 897 4499 te
919 4438 952 4499 et
973 4436 1109 4500 maxime
1131 4436 1310 4502 debuenmt
1331 4440 1364 4502 et
1378 4438 1448 4523 plu-
