3334 5158
777 306 1004 394 '-4a-

324 506 461 588 ciperet,
496 505 536 566 ad
568 501 721 586 optimam
756 522 846 585 spem
878 498 1078 584 produceret.
1130 499 1296 564 Hactenus
1331 498 1467 562 alteram

324 613 479 698 epistulae
501 615 643 697 partem,
672 616 743 693 a§.
767 612 797 676 3.
820 609 1044 694 incipientem,
1073 632 1092 673 a
1119 609 1335 693 disputatione
1356 615 1468 676 nostm

325 723 458 789 consilio
481 722 681 806 exclusimus,
716 743 787 785 cum
820 743 880 785 nec
911 719 1009 784 verba
1042 741 1113 784 cum
1145 720 1251 803 priore
1279 724 1371 803 parte
1400 723 1467 786 ullo

325 835 453 900 vinculo
469 832 673 915 cohaereant,
698 834 731 895 et
751 853 798 916 ea,
820 852 901 914 quae
924 831 1085 912 dicuntur,
1108 831 1224 894 mirum
1247 833 1404 914 quantum
1426 833 1467 895 ab

325 944 389 1008 illis
412 944 603 1026 discrepent.
642 942 802 1007 Narratur
824 941 910 1004 enim
932 962 1013 1026 quae
1036 943 1128 1024 gesta
1151 941 1217 1004 sint
1239 944 1350 1005 contra
1371 941 1467 1005 Dola-

324 1054 452 1136 bellam,
477 1052 533 1137 (cf.
550 1052 661 1116 Drum.
679 1052 722 1116 ΙΙ.
744 1074 776 1135 p.
801 1052 875 1136 162)
898 1053 1009 1114 narrat
1031 1053 1137 1115 autem
1159 1051 1197 1134 is,
1222 1051 1275 1135 qui
1297 1051 1391 1116 rebus
1413 1075 1467 1136 ge-

259 1241 262 1260 ,
324 1165 431 1229 rendis
446 1165 515 1247 ipse
529 1163 689 1246 interfuit,
706 1165 739 1226 et
753 1161 962 1245 simplicibus,
986 1160 1146 1245 brevibus,
1169 1163 1346 1245 perspicuis
1361 1163 1467 1226 verbis

324 1277 447 1339 narrat.
489 1272 581 1348 Quod
605 1275 774 1356 utrumque
796 1271 932 1335 militem
953 1271 1085 1336 indicat.
1123 1272 1169 1336 At
1190 1273 1223 1336 in
1247 1273 1467 1357 prioreparte

325 1383 562 1449 adulescentem
574 1380 722 1446 Ciceroni
737 1381 934 1464 singularem
949 1403 1041 1445 suum
1057 1403 1198 1446 amorem
1212 1383 1325 1448 testari
1338 1384 1467 1466 eiusque

323 1494 459 1559 virtutes
481 1494 522 1558 ad
545 1492 667 1556 caelum
695 1491 845 1556 extollere
874 1492 1091 1576 cognovimus.
1137 1493 1248 1558 Oratio
1271 1497 1377 1558 autem
1399 1515 1468 1556 ver-

325 1607 439 1669 borum
461 1603 658 1667 abundantia
689 1605 723 1666 et
743 1601 869 1665 luxuria
891 1601 1029 1685 quadam
1050 1601 1184 1687 laborat,
1212 1607 1245 1667 et
1266 1606 1358 1688 plura
1379 1607 1466 1672 inve-

267 1769 270 1772 .
324 1716 470 1796 niuntur,
504 1735 585 1798 quae
617 1713 724 1776 miuus
758 1714 832 1794 apte
866 1715 898 1776 et
931 1713 1094 1776 commode
1122 1697 1311 1780 dictasint.
1355 1716 1467 1802 Neque

325 1829 436 1889 tamen
458 1825 496 1888 de
518 1823 630 1886 fraude
652 1822 810 1886 litteraria
832 1821 1039 1905 cogitandum
1061 1826 1120 1906 est,
1144 1846 1247 1908 neque
1270 1827 1371 1892 altera
1392 1853 1467 1913 pars

326 1936 483 2020 genuina,
508 1933 609 1997 altera
631 1932 840 2016 suppositicia
861 1931 1026 2014 habenda,
1054 1936 1189 2018 utraque
1212 1936 1348 2002 colorem
1370 1938 1469 2004 habet

272 2121 279 2140 κ
325 2043 481 2109 orationis
503 2043 665 2126 antiquae,
687 2045 822 2124 utraque
844 2041 984 2106 eiusdem
1006 2043 1145 2106 auctoris
1168 2047 1226 2110 est.
1257 2045 1366 2111 Priore
1382 2051 1468 2114 enim

326 2157 418 2239 parte
440 2153 474 2218 id
501 2153 571 2237 agit
598 2153 750 2236 scriptor,
784 2153 821 2214 ut
848 2173 882 2214 se
910 2152 1012 2216 bonae
1038 2152 1143 2237 frugis
1170 2156 1372 2241 optimaeque
1399 2163 1468 2244 spei

327 2262 601 2330 adulescentulum
623 2261 772 2327 Ciceroni
793 2262 916 2346 probet,
940 2261 1041 2326 altera
1062 2263 1095 2326 id
1118 2243 1309 2350 exsequitur,
1333 2271 1417 2353 quod
1438 2275 1469 2336 ei
1499 2300 1502 2303 “

326 2357 443 2468 munus
465 2373 692 2438 demandatum
715 2374 785 2436 erat
806 2395 825 2435 a
847 2371 957 2437 Cassio
984 2374 1183 2460 proconsule,
1228 2376 1289 2452 Qui
1312 2401 1383 2444 cum
1405 2383 1469 2465 pri-

325 2508 414 2550 mum
442 2485 483 2548 ad
510 2484 696 2549 Ciceronem
723 2481 808 2558 Non.
832 2481 929 2546 Mart.
952 2483 1143 2567 scripsisset,
1160 2487 1231 2578 ⁸(ep.
1257 2487 1311 2574 11)
1334 2489 1469 2554 alterum

328 2595 412 2660 Non.
436 2594 547 2676 Maiis,
572 2593 722 2657 extremis
744 2591 861 2656 litteris
883 2591 948 2676 (ep.
975 2593 1027 2677 12)
1050 2593 1130 2658 haec
1152 2597 1282 2661 adiecit:
1320 2599 1469 2664 ‘Litteris

327 2706 455 2789 scriptis
470 2701 793 2768 audiviDolabellam
808 2702 843 2765 in
859 2701 1004 2768 Ciliciam
1025 2705 1151 2770 venisse
1174 2727 1246 2770 cum
1268 2708 1334 2772 suis
1356 2711 1467 2794 copiis.

264 2799 266 2803 ¹
329 2815 519 2900 Proficiscar
541 2815 576 2878 in
598 2813 754 2878 Ciliciam.
799 2809 882 2887 Quid
910 2813 1029 2897 egerim
1058 2815 1204 2881 celeriter
1224 2821 1261 2882 ut
1282 2819 1364 2884 scias
1386 2821 1469 2885 dabo

329 2931 482 3009 operam.'
513 2923 584 2987 Hae
606 2923 708 3007 igitur
729 2924 805 2986 sunt
820 2915 946 2988 litterae
969 2925 1028 3008 (ep.
1049 2928 1096 3010 13)
1121 2926 1267 2992 Ciceroni
1281 2932 1467 3017 promissae,
1603 2977 1606 2984 ⁴

328 3057 407 3119 quas
424 3056 495 3098 cum
510 3033 579 3118 ipse
594 3033 732 3098 scribere
747 3054 814 3096 non
828 3036 948 3116 posset,
971 3056 1100 3117 operam
1116 3037 1212 3121 dedit,
1237 3042 1273 3103 ut
1287 3063 1345 3124 per
1358 3041 1470 3108 fratris
1534 3093 1537 3099 .

327 3145 428 3210 filium
451 3144 690 3209 scriberentur!

413 3254 474 3320 Cui
495 3255 620 3318 muneri
642 3257 791 3338 optumus
814 3252 999 3318 adulescens
1021 3256 1069 3320 ita
1092 3259 1258 3344 satisfecit,
1280 3263 1317 3326 ut
1330 3263 1470 3346 primum

329 3366 395 3432 suis
417 3367 522 3431 verbis
550 3365 720 3448 scriberet,
750 3361 864 3427 deinde
892 3385 945 3447 ca,
975 3387 1055 3448 quae
1084 3391 1104 3433 a
1131 3370 1240 3435 Cassio
1267 3371 1371 3437 iussus
1400 3379 1472 3440 erat

329 3478 512 3562 exponeret,
543 3475 623 3539 Inde
637 3479 848 3544 tractatarum
870 3503 975 3546 rerum
997 3481 1165 3546 diversitas
1187 3483 1220 3544 et
1241 3485 1395 3548 sermonis
1410 3486 1471 3550 dif-

328 3587 478 3652 ferentia.
523 3585 735 3671 Posteaquam
762 3590 864 3674 igitur
885 3591 920 3656 L.
945 3591 1090 3657 Cassium
1112 3592 1260 3656 iuvenem
1281 3590 1332 3656 h‘is
1353 3593 1471 3659 litteris

330 3700 493 3762 auctorem
515 3697 759 3784 assignavimus,
789 3703 901 3785 restat,
924 3703 961 3765 ut
983 3723 1064 3786 quae
1085 3701 1278 3785 paucissima
1301 3703 1339 3766 de
1362 3725 1398 3768 eo
1420 3725 1470 3768 re-

329 3809 479 3872 feruntur
511 3826 717 3890 exponamus.
762 3809 866 3894 Igitur
897 3814 993 3876 natus
1026 3814 1096 3876 erat
1131 3810 1330 3876 adascius
1352 3813 1471 3898 Longi-

329 3939 391 3982 nus
419 3919 511 4000 patre
541 3916 577 3980 L.
602 3915 711 3982 Cassio
732 3917 881 4004 Longino
910 3916 1016 4005 equite
1043 3921 1206 4005 Romano,
1235 3943 1330 4004 quem
1358 3921 1471 3995 Cicero

330 4049 388 4112 pro
409 4025 542 4092 Plancio
564 4047 589 4090 c.
606 4026 658 4092 24.
681 4028 735 4092 ins
755 4029 947 4095 familiarem
969 4053 1061 4096 suum
1083 4031 1171 4096 dicit.
1208 4031 1315 4095 Patris
1335 4033 1469 4098 fratrem

330 4137 471 4202 habebat
493 4135 526 4202 C.
550 4135 705 4222 Cassium,
730 4138 877 4205 Caesaris
898 4163 1125 4224 percussorem.
1168 4141 1238 4205 Iam
1260 4163 1394 4224 puerum
1416 4166 1471 4228 ap-

330 4250 422 4332 paret
436 4247 477 4310 ad
492 4246 677 4312 Ciceronem
692 4271 725 4312 se
741 4250 919 4334 applicasse
935 4273 1068 4336 eumque
1083 4251 1226 4336 parentis
1242 4251 1311 4316 loco
1324 4253 1469 4318 coluisse.
1513 4253 1516 4264 “
1537 4333 1542 4340 ,

331 4358 379 4422 De
401 4357 495 4421 rebus
517 4357 653 4440 publicis
676 4359 751 4442 quid
773 4361 919 4445 senserit,
942 4361 1017 4426 inde
1039 4361 1253 4447 cognoscitur,
1277 4362 1361 4448 quod
1383 4360 1471 4429 Cice-
