<?xml version="1.0" encoding="UTF-8"?>
<!DOCTYPE html PUBLIC "-//W3C//DTD XHTML 1.0 Transitional//EN"
    "http://www.w3.org/TR/xhtml1/DTD/xhtml1-transitional.dtd">
<html xmlns="http://www.w3.org/1999/xhtml" xml:lang="en" lang="en">
 <head>
  <title>
</title>
<meta http-equiv="Content-Type" content="text/html;charset=utf-8" />
  <meta name='ocr-system' content='tesseract 3.04.00' />
  <meta name='ocr-capabilities' content='ocr_page ocr_carea ocr_par ocr_line ocrx_word'/>
</head>
<body>
  <div class='ocr_page' id='page_1' title='image "./mtulliciceronis00kraugoog_0021.png"; bbox 0 0 3334 5158; ppageno 0'>
   <div class='ocr_carea' id='block_1_1' title="bbox 771 340 1098 453">
    <p class='ocr_par' dir='ltr' id='par_1_1' title="bbox 771 340 1098 453">
     <span class='ocr_line' id='line_1_1' title="bbox 771 340 1098 453; baseline -0.012 1"><span class='ocrx_word' id='word_1_1' title='bbox 771 391 982 453; x_wconf 83' lang='lat'>-16-</span> <span class='ocrx_word' id='word_1_2' title='bbox 1097 340 1098 344; x_wconf 5' lang='grc' dir='ltr'>Ὺ</span> 
     </span>
    </p>
   </div>
   <div class='ocr_carea' id='block_1_2' title="bbox 304 551 1448 980">
    <p class='ocr_par' dir='ltr' id='par_1_2' title="bbox 304 551 1448 980">
     <span class='ocr_line' id='line_1_2' title="bbox 388 551 1446 648; baseline -0.01 -19"><span class='ocrx_word' id='word_1_3' title='bbox 388 565 484 629; x_wconf 87' lang='lat' dir='ltr'>Liber</span> <span class='ocrx_word' id='word_1_4' title='bbox 505 563 606 648; x_wconf 88' lang='lat' dir='ltr'>igitur</span> <span class='ocrx_word' id='word_1_5' title='bbox 620 561 782 625; x_wconf 90' lang='lat' dir='ltr'>Medieeus</span> <span class='ocrx_word' id='word_1_6' title='bbox 801 565 902 642; x_wconf 82' lang='lat' dir='ltr'>optcre</span> <span class='ocrx_word' id='word_1_7' title='bbox 922 558 1032 639; x_wconf 87' lang='lat' dir='ltr'>habet,</span> <span class='ocrx_word' id='word_1_8' title='bbox 1056 554 1139 640; x_wconf 92' lang='lat' dir='ltr'>quod</span> <span class='ocrx_word' id='word_1_9' title='bbox 1161 558 1248 620; x_wconf 88' lang='lat' dir='ltr'>recte</span> <span class='ocrx_word' id='word_1_10' title='bbox 1270 551 1321 619; x_wconf 86' lang='lat' dir='ltr'>me</span> <span class='ocrx_word' id='word_1_11' title='bbox 1343 555 1446 619; x_wconf 90' lang='lat' dir='ltr'>iudice</span> 
     </span>
     <span class='ocr_line' id='line_1_3' title="bbox 304 665 1448 758; baseline -0.01 -18"><span class='ocrx_word' id='word_1_12' title='bbox 304 697 414 739; x_wconf 89' lang='lat' dir='ltr'>omnes</span> <span class='ocrx_word' id='word_1_13' title='bbox 443 679 581 757; x_wconf 75' lang='lat' dir='ltr'><em>oportere</em></span> <span class='ocrx_word' id='word_1_14' title='bbox 607 671 804 758; x_wconf 88' lang='lat' dir='ltr'>scripserunt</span> <span class='ocrx_word' id='word_1_15' title='bbox 834 666 1066 756; x_wconf 83' lang='lat' dir='ltr'>(cf.IV.-15),</span> <span class='ocrx_word' id='word_1_16' title='bbox 1101 665 1307 730; x_wconf 87' lang='lat' dir='ltr'>Hofmannus</span> <span class='ocrx_word' id='word_1_17' title='bbox 1342 668 1448 728; x_wconf 88' lang='lat' dir='ltr'>autem</span> 
     </span>
     <span class='ocr_line' id='line_1_4' title="bbox 306 777 1448 868; baseline -0.011 -18"><span class='ocrx_word' id='word_1_18' title='bbox 306 790 414 868; x_wconf 84' lang='lat' dir='ltr'>optare</span> <span class='ocrx_word' id='word_1_19' title='bbox 435 784 536 848; x_wconf 87' lang='lat' dir='ltr'>voluit</span> <span class='ocrx_word' id='word_1_20' title='bbox 558 805 636 848; x_wconf 87' lang='lat' dir='ltr'>esse.</span> <span class='ocrx_word' id='word_1_21' title='bbox 676 780 947 846; x_wconf 81' lang='lat' dir='ltr'>SedOiceronem</span> <span class='ocrx_word' id='word_1_22' title='bbox 970 779 1098 842; x_wconf 85' lang='lat' dir='ltr'>constat</span> <span class='ocrx_word' id='word_1_23' title='bbox 1119 782 1227 859; x_wconf 80' lang='lat' dir='ltr'>optare</span> <span class='ocrx_word' id='word_1_24' title='bbox 1249 777 1345 840; x_wconf 84' lang='lat' dir='ltr'>verbo</span> <span class='ocrx_word' id='word_1_25' title='bbox 1367 797 1448 839; x_wconf 89' lang='lat' dir='ltr'>mm·</span> 
     </span>
     <span class='ocr_line' id='line_1_5' title="bbox 305 887 1447 980; baseline -0.011 -20"><span class='ocrx_word' id='word_1_26' title='bbox 305 917 402 980; x_wconf 84' lang='lat' dir='ltr'>quam</span> <span class='ocrx_word' id='word_1_27' title='bbox 423 895 470 959; x_wconf 89' lang='lat' dir='ltr'>ita</span> <span class='ocrx_word' id='word_1_28' title='bbox 491 894 556 977; x_wconf 87' lang='lat' dir='ltr'>uti,</span> <span class='ocrx_word' id='word_1_29' title='bbox 580 896 617 958; x_wconf 93' lang='lat' dir='ltr'>ut</span> <span class='ocrx_word' id='word_1_30' title='bbox 639 895 790 976; x_wconf 88' lang='lat' dir='ltr'>sequatur</span> <span class='ocrx_word' id='word_1_31' title='bbox 811 889 990 954; x_wconf 85' lang='lat' dir='ltr'>infinitivus</span> <span class='ocrx_word' id='word_1_32' title='bbox 997 939 1006 971; x_wconf 98' lang='lat'>,</span> <span class='ocrx_word' id='word_1_33' title='bbox 1030 887 1086 952; x_wconf 90' lang='lat' dir='ltr'>sed</span> <span class='ocrx_word' id='word_1_34' title='bbox 1108 908 1235 970; x_wconf 85' lang='lat' dir='ltr'>semper</span> <span class='ocrx_word' id='word_1_35' title='bbox 1255 887 1318 970; x_wconf 88' lang='lat' dir='ltr'>ita,</span> <span class='ocrx_word' id='word_1_36' title='bbox 1342 889 1379 950; x_wconf 93' lang='lat' dir='ltr'>ut</span> <span class='ocrx_word' id='word_1_37' title='bbox 1401 907 1447 948; x_wconf 89' lang='lat' dir='ltr'>se-</span> 
     </span>
    </p>
   </div>
   <div class='ocr_carea' id='block_1_3' title="bbox 305 981 1454 1091">
    <p class='ocr_par' dir='ltr' id='par_1_3' title="bbox 305 981 1454 1091">
     <span class='ocr_line' id='line_1_6' title="bbox 305 981 1454 1091; baseline -0.01 -21"><span class='ocrx_word' id='word_1_38' title='bbox 305 1008 421 1091; x_wconf 89' lang='lat' dir='ltr'>quatur</span> <span class='ocrx_word' id='word_1_39' title='bbox 442 1011 479 1070; x_wconf 86' lang='lat' dir='ltr'>at</span> <span class='ocrx_word' id='word_1_40' title='bbox 498 1003 668 1088; x_wconf 87' lang='lat' dir='ltr'>particula.</span> <span class='ocrx_word' id='word_1_41' title='bbox 713 1000 803 1077; x_wconf 82' lang='lat' dir='ltr'>Quod</span> <span class='ocrx_word' id='word_1_42' title='bbox 824 1022 924 1065; x_wconf 93' lang='lat' dir='ltr'>unum</span> <span class='ocrx_word' id='word_1_43' title='bbox 946 998 1026 1062; x_wconf 90' lang='lat' dir='ltr'>mihi</span> <span class='ocrx_word' id='word_1_44' title='bbox 1047 1000 1176 1083; x_wconf 84' lang='lat' dir='ltr'>praesto</span> <span class='ocrx_word' id='word_1_45' title='bbox 1199 1000 1248 1060; x_wconf 91' lang='lat' dir='ltr'>est</span> <span class='ocrx_word' id='word_1_46' title='bbox 1269 981 1454 1080; x_wconf 71' lang='lat' dir='ltr'>exemplum&#39;</span> 
     </span>
    </p>
   </div>
   <div class='ocr_carea' id='block_1_4' title="bbox 299 1107 1451 2448">
    <p class='ocr_par' dir='ltr' id='par_1_4' title="bbox 299 1107 1449 1767">
     <span class='ocr_line' id='line_1_7' title="bbox 304 1107 1449 1199; baseline -0.01 -18"><span class='ocrx_word' id='word_1_47' title='bbox 304 1116 381 1181; x_wconf 92' lang='lat' dir='ltr'>huic</span> <span class='ocrx_word' id='word_1_48' title='bbox 403 1116 475 1180; x_wconf 89' lang='lat' dir='ltr'>usui</span> <span class='ocrx_word' id='word_1_49' title='bbox 497 1135 684 1199; x_wconf 81' lang='lat' dir='ltr'>repugnans</span> <span class='ocrx_word' id='word_1_50' title='bbox 704 1113 766 1196; x_wconf 82' lang='lat' dir='ltr'>Ep.</span> <span class='ocrx_word' id='word_1_51' title='bbox 790 1112 830 1175; x_wconf 88' lang='lat' dir='ltr'>ad</span> <span class='ocrx_word' id='word_1_52' title='bbox 857 1111 934 1175; x_wconf 87' lang='lat' dir='ltr'>fam.</span> <span class='ocrx_word' id='word_1_53' title='bbox 958 1109 998 1174; x_wconf 87' lang='lat' dir='ltr'>X.</span> <span class='ocrx_word' id='word_1_54' title='bbox 1022 1107 1074 1192; x_wconf 81' lang='lat'>20,</span> <span class='ocrx_word' id='word_1_55' title='bbox 1098 1110 1133 1174; x_wconf 88' lang='lat'>3:</span> <span class='ocrx_word' id='word_1_56' title='bbox 1171 1129 1260 1190; x_wconf 81' lang='lat' dir='ltr'>quom</span> <span class='ocrx_word' id='word_1_57' title='bbox 1282 1112 1310 1170; x_wconf 87' lang='lat' dir='ltr'>te</span> <span class='ocrx_word' id='word_1_58' title='bbox 1331 1111 1360 1171; x_wconf 89' lang='lat' dir='ltr'>et</span> <span class='ocrx_word' id='word_1_59' title='bbox 1380 1111 1449 1188; x_wconf 85' lang='lat' dir='ltr'>opto</span> 
     </span>
     <span class='ocr_line' id='line_1_8' title="bbox 306 1215 1448 1310; baseline -0.012 -17"><span class='ocrx_word' id='word_1_60' title='bbox 306 1247 368 1293; x_wconf 84' lang='lat' dir='ltr'>esse</span> <span class='ocrx_word' id='word_1_61' title='bbox 389 1232 418 1291; x_wconf 87' lang='lat' dir='ltr'>et</span> <span class='ocrx_word' id='word_1_62' title='bbox 438 1227 558 1310; x_wconf 74' lang='lat' dir='ltr'>confido</span> <span class='ocrx_word' id='word_1_63' title='bbox 578 1225 724 1306; x_wconf 81' lang='lat' dir='ltr'>futurum</span> <span class='ocrx_word' id='word_1_64' title='bbox 750 1222 783 1286; x_wconf 92' lang='lat' dir='ltr'>id</span> <span class='ocrx_word' id='word_1_65' title='bbox 811 1221 889 1285; x_wconf 87' lang='lat' dir='ltr'>satis</span> <span class='ocrx_word' id='word_1_66' title='bbox 916 1220 1015 1286; x_wconf 89' lang='lat' dir='ltr'>habet</span> <span class='ocrx_word' id='word_1_67' title='bbox 1043 1218 1258 1284; x_wconf 73' lang='lat' dir='ltr'>excusationis</span> <span class='ocrx_word' id='word_1_68' title='bbox 1280 1239 1299 1280; x_wconf 93' lang='lat' dir='ltr'>a</span> <span class='ocrx_word' id='word_1_69' title='bbox 1321 1215 1448 1280; x_wconf 90' lang='lat' dir='ltr'>concin-</span> 
     </span>
     <span class='ocr_line' id='line_1_9' title="bbox 305 1326 1448 1421; baseline -0.011 -20"><span class='ocrx_word' id='word_1_70' title='bbox 305 1339 426 1421; x_wconf 87' lang='lat' dir='ltr'>nitate,</span> <span class='ocrx_word' id='word_1_71' title='bbox 455 1339 491 1400; x_wconf 91' lang='lat' dir='ltr'>ut</span> <span class='ocrx_word' id='word_1_72' title='bbox 518 1334 601 1420; x_wconf 90' lang='lat' dir='ltr'>quod</span> <span class='ocrx_word' id='word_1_73' title='bbox 629 1337 758 1418; x_wconf 88' lang='lat' dir='ltr'>praeter</span> <span class='ocrx_word' id='word_1_74' title='bbox 787 1331 1025 1397; x_wconf 75' lang='lat' dir='ltr'>consuetudinis</span> <span class='ocrx_word' id='word_1_75' title='bbox 1047 1329 1268 1396; x_wconf 86' lang='lat' dir='ltr'>constantiam</span> <span class='ocrx_word' id='word_1_76' title='bbox 1296 1330 1383 1392; x_wconf 89' lang='lat' dir='ltr'>certa</span> <span class='ocrx_word' id='word_1_77' title='bbox 1410 1326 1448 1388; x_wconf 92' lang='lat' dir='ltr'>de</span> 
     </span>
     <span class='ocr_line' id='line_1_10' title="bbox 307 1439 1448 1526; baseline -0.011 -14"><span class='ocrx_word' id='word_1_78' title='bbox 307 1469 403 1512; x_wconf 87' lang='lat' dir='ltr'>causa</span> <span class='ocrx_word' id='word_1_79' title='bbox 426 1447 523 1510; x_wconf 89' lang='lat' dir='ltr'>semel</span> <span class='ocrx_word' id='word_1_80' title='bbox 546 1444 657 1510; x_wconf 76' lang='lat' dir='ltr'>(licere</span> <span class='ocrx_word' id='word_1_81' title='bbox 683 1443 862 1526; x_wconf 89' lang='lat' dir='ltr'>admiserit,</span> <span class='ocrx_word' id='word_1_82' title='bbox 890 1443 921 1506; x_wconf 91' lang='lat' dir='ltr'>id</span> <span class='ocrx_word' id='word_1_83' title='bbox 949 1464 991 1507; x_wconf 89' lang='lat' dir='ltr'>ne</span> <span class='ocrx_word' id='word_1_84' title='bbox 1020 1440 1164 1526; x_wconf 89' lang='lat' dir='ltr'>cupidius</span> <span class='ocrx_word' id='word_1_85' title='bbox 1191 1439 1366 1504; x_wconf 86' lang='lat' dir='ltr'>inferamus</span> <span class='ocrx_word' id='word_1_86' title='bbox 1397 1458 1448 1500; x_wconf 89' lang='lat' dir='ltr'>ca·</span> 
     </span>
     <span class='ocr_line' id='line_1_11' title="bbox 305 1557 518 1624; baseline -0.019 0"><span class='ocrx_word' id='word_1_87' title='bbox 305 1559 444 1624; x_wconf 74' lang='lat' dir='ltr'>rendum</span> <span class='ocrx_word' id='word_1_88' title='bbox 466 1557 518 1621; x_wconf 90' lang='lat' dir='ltr'>sit.</span> 
     </span>
     <span class='ocr_line' id='line_1_12' title="bbox 299 1681 528 1767; baseline 0 -19"><span class='ocrx_word' id='word_1_89' title='bbox 299 1681 308 1704; x_wconf 80' lang='lat'><strong><em>‘</em></strong></span> <span class='ocrx_word' id='word_1_90' title='bbox 391 1684 417 1748; x_wconf 90' lang='lat' dir='ltr'>I.</span> <span class='ocrx_word' id='word_1_91' title='bbox 441 1685 471 1767; x_wconf 85' lang='lat'>9,</span> <span class='ocrx_word' id='word_1_92' title='bbox 493 1685 528 1748; x_wconf 91' lang='lat'>4:</span> 
     </span>
    </p>

    <p class='ocr_par' dir='ltr' id='par_1_5' title="bbox 307 1808 1451 2448">
     <span class='ocr_line' id='line_1_13' title="bbox 392 1808 1449 1897; baseline -0.006 -22"><span class='ocrx_word' id='word_1_93' title='bbox 392 1811 474 1897; x_wconf 74' lang='lat' dir='ltr'>‘Ego</span> <span class='ocrx_word' id='word_1_94' title='bbox 496 1833 564 1895; x_wconf 90' lang='lat' dir='ltr'>me,</span> <span class='ocrx_word' id='word_1_95' title='bbox 592 1811 745 1895; x_wconf 78' lang='lat' dir='ltr'>Lentule,</span> <span class='ocrx_word' id='word_1_96' title='bbox 775 1811 868 1875; x_wconf 90' lang='lat' dir='ltr'>initio</span> <span class='ocrx_word' id='word_1_97' title='bbox 891 1832 997 1875; x_wconf 92' lang='lat' dir='ltr'>rerum</span> <span class='ocrx_word' id='word_1_98' title='bbox 1020 1813 1115 1895; x_wconf 90' lang='lat' dir='ltr'>atque</span> <span class='ocrx_word' id='word_1_99' title='bbox 1138 1808 1301 1874; x_wconf 90' lang='lat' dir='ltr'>actionum</span> <span class='ocrx_word' id='word_1_100' title='bbox 1322 1809 1449 1881; x_wconf 89' lang='lat' dir='ltr'>tuarum</span> 
     </span>
     <span class='ocr_line' id='line_1_14' title="bbox 307 1919 1451 2006; baseline -0.006 -19"><span class='ocrx_word' id='word_1_101' title='bbox 307 1945 373 1987; x_wconf 93' lang='lat' dir='ltr'>non</span> <span class='ocrx_word' id='word_1_102' title='bbox 396 1923 498 1986; x_wconf 89' lang='lat' dir='ltr'>solum</span> <span class='ocrx_word' id='word_1_103' title='bbox 519 1922 599 1986; x_wconf 88' lang='lat' dir='ltr'>meis</span> <span class='ocrx_word' id='word_1_104' title='bbox 622 1921 677 1985; x_wconf 88' lang='lat' dir='ltr'>sed</span> <span class='ocrx_word' id='word_1_105' title='bbox 700 1923 797 1986; x_wconf 88' lang='lat' dir='ltr'>etiam</span> <span class='ocrx_word' id='word_1_106' title='bbox 819 1921 1012 2006; x_wconf 89' lang='lat' dir='ltr'>reipublicae</span> <span class='ocrx_word' id='word_1_107' title='bbox 1033 1921 1216 1984; x_wconf 88' lang='lat' dir='ltr'>restitutum</span> <span class='ocrx_word' id='word_1_108' title='bbox 1230 1919 1394 2004; x_wconf 89' lang='lat' dir='ltr'>putabam,</span> <span class='ocrx_word' id='word_1_109' title='bbox 1419 1920 1451 1980; x_wconf 87' lang='lat' dir='ltr'>ct</span> 
     </span>
     <span class='ocr_line' id='line_1_15' title="bbox 307 2029 1450 2118; baseline -0.006 -21"><span class='ocrx_word' id='word_1_110' title='bbox 307 2033 459 2118; x_wconf 87' lang='lat' dir='ltr'>quoniam</span> <span class='ocrx_word' id='word_1_111' title='bbox 485 2032 546 2096; x_wconf 92' lang='lat' dir='ltr'>tibi</span> <span class='ocrx_word' id='word_1_112' title='bbox 573 2032 795 2096; x_wconf 76' lang='lat' dir='ltr'>incredibilem</span> <span class='ocrx_word' id='word_1_113' title='bbox 824 2032 983 2116; x_wconf 91' lang='lat' dir='ltr'>quendam</span> <span class='ocrx_word' id='word_1_114' title='bbox 1011 2053 1151 2096; x_wconf 89' lang='lat' dir='ltr'>amorem</span> <span class='ocrx_word' id='word_1_115' title='bbox 1179 2033 1211 2094; x_wconf 89' lang='lat' dir='ltr'>et</span> <span class='ocrx_word' id='word_1_116' title='bbox 1233 2029 1340 2094; x_wconf 86' lang='lat' dir='ltr'>omnia</span> <span class='ocrx_word' id='word_1_117' title='bbox 1361 2029 1396 2092; x_wconf 93' lang='lat' dir='ltr'>in</span> <span class='ocrx_word' id='word_1_118' title='bbox 1418 2030 1450 2091; x_wconf 92' lang='lat' dir='ltr'>te</span> 
     </span>
     <span class='ocr_line' id='line_1_16' title="bbox 307 2141 1450 2228; baseline -0.006 -21"><span class='ocrx_word' id='word_1_119' title='bbox 307 2145 412 2228; x_wconf 90' lang='lat' dir='ltr'>ipsum</span> <span class='ocrx_word' id='word_1_120' title='bbox 435 2165 557 2207; x_wconf 84' lang='lat' dir='ltr'>summa</span> <span class='ocrx_word' id='word_1_121' title='bbox 580 2165 618 2206; x_wconf 88' lang='lat' dir='ltr'>ac</span> <span class='ocrx_word' id='word_1_122' title='bbox 640 2142 818 2227; x_wconf 84' lang='lat' dir='ltr'>singularia</span> <span class='ocrx_word' id='word_1_123' title='bbox 837 2143 943 2206; x_wconf 87' lang='lat' dir='ltr'>studia</span> <span class='ocrx_word' id='word_1_124' title='bbox 959 2142 1117 2225; x_wconf 86' lang='lat' dir='ltr'>deberem,</span> <span class='ocrx_word' id='word_1_125' title='bbox 1140 2141 1345 2225; x_wconf 86' lang='lat' dir='ltr'>reipublicae,</span> <span class='ocrx_word' id='word_1_126' title='bbox 1369 2159 1450 2222; x_wconf 89' lang='lat' dir='ltr'>quae</span> 
     </span>
     <span class='ocr_line' id='line_1_17' title="bbox 308 2249 1451 2336; baseline -0.005 -19"><span class='ocrx_word' id='word_1_127' title='bbox 308 2257 341 2318; x_wconf 88' lang='lat' dir='ltr'>te</span> <span class='ocrx_word' id='word_1_128' title='bbox 355 2255 391 2317; x_wconf 93' lang='lat' dir='ltr'>in</span> <span class='ocrx_word' id='word_1_129' title='bbox 405 2275 455 2317; x_wconf 92' lang='lat' dir='ltr'>me</span> <span class='ocrx_word' id='word_1_130' title='bbox 470 2253 667 2317; x_wconf 83' lang='lat' dir='ltr'>restituendo</span> <span class='ocrx_word' id='word_1_131' title='bbox 683 2253 818 2316; x_wconf 86' lang='lat' dir='ltr'>multum</span> <span class='ocrx_word' id='word_1_132' title='bbox 831 2252 1015 2336; x_wconf 89' lang='lat' dir='ltr'>adiuvisset,</span> <span class='ocrx_word' id='word_1_133' title='bbox 1039 2274 1112 2316; x_wconf 88' lang='lat' dir='ltr'>eum</span> <span class='ocrx_word' id='word_1_134' title='bbox 1135 2253 1220 2315; x_wconf 86' lang='lat' dir='ltr'>certe</span> <span class='ocrx_word' id='word_1_135' title='bbox 1235 2273 1285 2314; x_wconf 92' lang='lat' dir='ltr'>me</span> <span class='ocrx_word' id='word_1_136' title='bbox 1308 2249 1451 2313; x_wconf 90' lang='lat' dir='ltr'>animum</span> 
     </span>
     <span class='ocr_line' id='line_1_18' title="bbox 308 2359 1451 2448; baseline -0.004 -21"><span class='ocrx_word' id='word_1_137' title='bbox 308 2364 422 2428; x_wconf 87' lang='lat' dir='ltr'>merito</span> <span class='ocrx_word' id='word_1_138' title='bbox 436 2363 537 2448; x_wconf 89' lang='lat' dir='ltr'>ipsius</span> <span class='ocrx_word' id='word_1_139' title='bbox 553 2363 668 2427; x_wconf 90' lang='lat' dir='ltr'>debere</span> <span class='ocrx_word' id='word_1_140' title='bbox 684 2364 874 2447; x_wconf 88' lang='lat' dir='ltr'>arbitrabar,</span> <span class='ocrx_word' id='word_1_141' title='bbox 896 2385 991 2448; x_wconf 89' lang='lat' dir='ltr'>quem</span> <span class='ocrx_word' id='word_1_142' title='bbox 1007 2364 1102 2426; x_wconf 90' lang='lat' dir='ltr'>antea</span> <span class='ocrx_word' id='word_1_143' title='bbox 1124 2359 1345 2425; x_wconf 89' lang='lat' dir='ltr'>tantummodo</span> <span class='ocrx_word' id='word_1_144' title='bbox 1369 2379 1451 2423; x_wconf 92' lang='lat' dir='ltr'>com·</span> 
     </span>
    </p>
   </div>
   <div class='ocr_carea' id='block_1_5' title="bbox 310 2469 1451 2668">
    <p class='ocr_par' dir='ltr' id='par_1_6' title="bbox 310 2469 1451 2668">
     <span class='ocr_line' id='line_1_19' title="bbox 310 2469 1451 2558; baseline -0.005 -20"><span class='ocrx_word' id='word_1_145' title='bbox 310 2474 399 2538; x_wconf 91' lang='lat' dir='ltr'>muni</span> <span class='ocrx_word' id='word_1_146' title='bbox 423 2474 528 2538; x_wconf 86' lang='lat' dir='ltr'>officio</span> <span class='ocrx_word' id='word_1_147' title='bbox 552 2473 684 2558; x_wconf 84' lang='lat' dir='ltr'>civium,</span> <span class='ocrx_word' id='word_1_148' title='bbox 714 2495 781 2538; x_wconf 91' lang='lat' dir='ltr'>non</span> <span class='ocrx_word' id='word_1_149' title='bbox 809 2473 905 2536; x_wconf 90' lang='lat' dir='ltr'>alicui</span> <span class='ocrx_word' id='word_1_150' title='bbox 933 2495 1010 2556; x_wconf 91' lang='lat' dir='ltr'>erga</span> <span class='ocrx_word' id='word_1_151' title='bbox 1038 2494 1089 2535; x_wconf 91' lang='lat' dir='ltr'>me</span> <span class='ocrx_word' id='word_1_152' title='bbox 1117 2471 1274 2556; x_wconf 82' lang='lat' dir='ltr'>singulari</span> <span class='ocrx_word' id='word_1_153' title='bbox 1295 2469 1451 2534; x_wconf 87' lang='lat' dir='ltr'>beneficio</span> 
     </span>
     <span class='ocr_line' id='line_1_20' title="bbox 311 2585 731 2668; baseline 0 -20"><span class='ocrx_word' id='word_1_154' title='bbox 311 2585 455 2648; x_wconf 90' lang='lat' dir='ltr'>debitum</span> <span class='ocrx_word' id='word_1_155' title='bbox 476 2585 731 2668; x_wconf 84' lang='lat' dir='ltr'>praestitissem’</span> 
     </span>
    </p>
   </div>
   <div class='ocr_carea' id='block_1_6' title="bbox 309 2717 1456 4111">
    <p class='ocr_par' dir='ltr' id='par_1_7' title="bbox 309 2717 1456 4111">
     <span class='ocr_line' id='line_1_21' title="bbox 393 2717 1452 2805; baseline -0.005 -21"><span class='ocrx_word' id='word_1_156' title='bbox 393 2718 445 2785; x_wconf 83' lang='lat' dir='ltr'>lta</span> <span class='ocrx_word' id='word_1_157' title='bbox 465 2720 563 2784; x_wconf 83' lang='lat' dir='ltr'>Tullii</span> <span class='ocrx_word' id='word_1_158' title='bbox 584 2721 682 2786; x_wconf 88' lang='lat' dir='ltr'>verba</span> <span class='ocrx_word' id='word_1_159' title='bbox 703 2720 739 2785; x_wconf 94' lang='lat' dir='ltr'>in</span> <span class='ocrx_word' id='word_1_160' title='bbox 762 2720 901 2785; x_wconf 89' lang='lat' dir='ltr'>editione</span> <span class='ocrx_word' id='word_1_161' title='bbox 917 2718 1081 2788; x_wconf 87' lang='lat' dir='ltr'>Orelliana</span> <span class='ocrx_word' id='word_1_162' title='bbox 1102 2719 1270 2805; x_wconf 71' lang='lat' dir='ltr'>leguntur,</span> <span class='ocrx_word' id='word_1_163' title='bbox 1293 2719 1348 2784; x_wconf 91' lang='lat' dir='ltr'>sed</span> <span class='ocrx_word' id='word_1_164' title='bbox 1369 2717 1452 2781; x_wconf 88' lang='lat' dir='ltr'>liber</span> 
     </span>
     <span class='ocr_line' id='line_1_22' title="bbox 311 2831 1452 2914; baseline -0.004 -18"><span class='ocrx_word' id='word_1_165' title='bbox 311 2831 473 2896; x_wconf 91' lang='lat' dir='ltr'>Mediceus</span> <span class='ocrx_word' id='word_1_166' title='bbox 488 2831 604 2894; x_wconf 86' lang='lat' dir='ltr'>habet:</span> <span class='ocrx_word' id='word_1_167' title='bbox 626 2852 690 2896; x_wconf 80' lang='lat' dir='ltr'>noa</span> <span class='ocrx_word' id='word_1_168' title='bbox 713 2832 820 2914; x_wconf 77' lang='lat' dir='ltr'>atiquo</span> <span class='ocrx_word' id='word_1_169' title='bbox 842 2853 917 2914; x_wconf 80' lang='lat' dir='ltr'>erpo</span> <span class='ocrx_word' id='word_1_170' title='bbox 938 2853 986 2897; x_wconf 78' lang='lat' dir='ltr'>rae</span> <span class='ocrx_word' id='word_1_171' title='bbox 1007 2832 1166 2914; x_wconf 66' lang='lat' dir='ltr'>singulari</span> <span class='ocrx_word' id='word_1_172' title='bbox 1181 2831 1332 2914; x_wconf 69' lang='lat' dir='ltr'>beneficio,</span> <span class='ocrx_word' id='word_1_173' title='bbox 1356 2850 1452 2912; x_wconf 87' lang='lat' dir='ltr'>quarn</span> 
     </span>
     <span class='ocr_line' id='line_1_23' title="bbox 311 2938 1452 3026; baseline -0.005 -20"><span class='ocrx_word' id='word_1_174' title='bbox 311 2943 504 3026; x_wconf 81' lang='lat' dir='ltr'>scripturam</span> <span class='ocrx_word' id='word_1_175' title='bbox 521 2963 592 3005; x_wconf 90' lang='lat' dir='ltr'>cum</span> <span class='ocrx_word' id='word_1_176' title='bbox 607 2940 691 3023; x_wconf 92' lang='lat' dir='ltr'>nihil</span> <span class='ocrx_word' id='word_1_177' title='bbox 713 2943 874 3025; x_wconf 88' lang='lat' dir='ltr'>capessit</span> <span class='ocrx_word' id='word_1_178' title='bbox 896 2961 964 3006; x_wconf 88' lang='lat' dir='ltr'>csse</span> <span class='ocrx_word' id='word_1_179' title='bbox 986 2943 1105 3026; x_wconf 89' lang='lat' dir='ltr'>sanius,</span> <span class='ocrx_word' id='word_1_180' title='bbox 1129 2942 1298 3006; x_wconf 85' lang='lat' dir='ltr'>exturbare</span> <span class='ocrx_word' id='word_1_181' title='bbox 1314 2938 1452 3018; x_wconf 82' lang='lat' dir='ltr'>Orellius</span> 
     </span>
     <span class='ocr_line' id='line_1_24' title="bbox 309 3049 1453 3135; baseline -0.005 -19"><span class='ocrx_word' id='word_1_182' title='bbox 309 3052 441 3116; x_wconf 90' lang='lat' dir='ltr'>minime</span> <span class='ocrx_word' id='word_1_183' title='bbox 463 3051 610 3116; x_wconf 89' lang='lat' dir='ltr'>debebat.</span> <span class='ocrx_word' id='word_1_184' title='bbox 655 3050 808 3115; x_wconf 89' lang='lat' dir='ltr'>Declarat</span> <span class='ocrx_word' id='word_1_185' title='bbox 823 3051 910 3116; x_wconf 90' lang='lat' dir='ltr'>enim</span> <span class='ocrx_word' id='word_1_186' title='bbox 924 3051 1035 3116; x_wconf 77' lang='lat' dir='ltr'>Cicero</span> <span class='ocrx_word' id='word_1_187' title='bbox 1050 3073 1084 3116; x_wconf 88' lang='lat' dir='ltr'>se</span> <span class='ocrx_word' id='word_1_188' title='bbox 1106 3055 1179 3135; x_wconf 89' lang='lat' dir='ltr'>post</span> <span class='ocrx_word' id='word_1_189' title='bbox 1200 3072 1293 3115; x_wconf 92' lang='lat' dir='ltr'>suum</span> <span class='ocrx_word' id='word_1_190' title='bbox 1314 3049 1453 3113; x_wconf 88' lang='lat' dir='ltr'>reditum</span> 
     </span>
     <span class='ocr_line' id='line_1_25' title="bbox 311 3161 1452 3248; baseline -0.004 -21"><span class='ocrx_word' id='word_1_191' title='bbox 311 3185 383 3227; x_wconf 90' lang='lat' dir='ltr'>eum</span> <span class='ocrx_word' id='word_1_192' title='bbox 404 3161 547 3229; x_wconf 90' lang='lat' dir='ltr'>animum</span> <span class='ocrx_word' id='word_1_193' title='bbox 568 3161 682 3226; x_wconf 90' lang='lat' dir='ltr'>debere</span> <span class='ocrx_word' id='word_1_194' title='bbox 697 3163 892 3246; x_wconf 89' lang='lat' dir='ltr'>reipublicae</span> <span class='ocrx_word' id='word_1_195' title='bbox 906 3162 1006 3248; x_wconf 90' lang='lat' dir='ltr'>ipsius</span> <span class='ocrx_word' id='word_1_196' title='bbox 1020 3163 1145 3246; x_wconf 89' lang='lat' dir='ltr'>merite,</span> <span class='ocrx_word' id='word_1_197' title='bbox 1163 3183 1257 3247; x_wconf 87' lang='lat' dir='ltr'>quem</span> <span class='ocrx_word' id='word_1_198' title='bbox 1272 3164 1367 3225; x_wconf 88' lang='lat' dir='ltr'>antea</span> <span class='ocrx_word' id='word_1_199' title='bbox 1381 3161 1452 3222; x_wconf 88' lang='lat' dir='ltr'>tan-</span> 
     </span>
     <span class='ocr_line' id='line_1_26' title="bbox 309 3269 1453 3358; baseline -0.003 -22"><span class='ocrx_word' id='word_1_200' title='bbox 309 3273 472 3337; x_wconf 87' lang='lat' dir='ltr'>tummodo</span> <span class='ocrx_word' id='word_1_201' title='bbox 489 3273 649 3337; x_wconf 90' lang='lat' dir='ltr'>communi</span> <span class='ocrx_word' id='word_1_202' title='bbox 665 3273 781 3336; x_wconf 84' lang='lat' dir='ltr'>civium</span> <span class='ocrx_word' id='word_1_203' title='bbox 796 3273 913 3357; x_wconf 86' lang='lat' dir='ltr'>officio,</span> <span class='ocrx_word' id='word_1_204' title='bbox 930 3295 996 3338; x_wconf 90' lang='lat' dir='ltr'>non</span> <span class='ocrx_word' id='word_1_205' title='bbox 1012 3273 1169 3358; x_wconf 84' lang='lat' dir='ltr'>singulari</span> <span class='ocrx_word' id='word_1_206' title='bbox 1184 3273 1290 3356; x_wconf 90' lang='lat' dir='ltr'>aliquo</span> <span class='ocrx_word' id='word_1_207' title='bbox 1304 3271 1340 3335; x_wconf 91' lang='lat' dir='ltr'>in</span> <span class='ocrx_word' id='word_1_208' title='bbox 1355 3292 1388 3334; x_wconf 92' lang='lat' dir='ltr'>se</span> <span class='ocrx_word' id='word_1_209' title='bbox 1400 3269 1453 3333; x_wconf 94' lang='lat' dir='ltr'>be-</span> 
     </span>
     <span class='ocr_line' id='line_1_27' title="bbox 310 3382 1455 3468; baseline -0.003 -21"><span class='ocrx_word' id='word_1_210' title='bbox 310 3383 424 3447; x_wconf 92' lang='lat' dir='ltr'>neficio</span> <span class='ocrx_word' id='word_1_211' title='bbox 457 3383 600 3448; x_wconf 91' lang='lat' dir='ltr'>debitum</span> <span class='ocrx_word' id='word_1_212' title='bbox 633 3383 857 3468; x_wconf 84' lang='lat' dir='ltr'>praestitisset.</span> <span class='ocrx_word' id='word_1_213' title='bbox 902 3382 985 3448; x_wconf 78' lang='lat' dir='ltr'>Sunt</span> <span class='ocrx_word' id='word_1_214' title='bbox 1010 3384 1110 3468; x_wconf 91' lang='lat' dir='ltr'>igitur</span> <span class='ocrx_word' id='word_1_215' title='bbox 1136 3385 1259 3462; x_wconf 79' lang='lat' dir='ltr'>merite,</span> <span class='ocrx_word' id='word_1_216' title='bbox 1297 3382 1455 3448; x_wconf 77' lang='lat' dir='ltr'>communi</span> 
     </span>
     <span class='ocr_line' id='line_1_28' title="bbox 312 3493 1454 3579; baseline -0.004 -20"><span class='ocrx_word' id='word_1_217' title='bbox 312 3495 427 3578; x_wconf 64' lang='lat' dir='ltr'>officio,</span> <span class='ocrx_word' id='word_1_218' title='bbox 460 3495 567 3576; x_wconf 79' lang='lat' dir='ltr'>aliquo</span> <span class='ocrx_word' id='word_1_219' title='bbox 588 3495 747 3577; x_wconf 59' lang='lat' dir='ltr'>eupatori</span> <span class='ocrx_word' id='word_1_220' title='bbox 769 3494 912 3578; x_wconf 66' lang='lat' dir='ltr'>beneficio</span> <span class='ocrx_word' id='word_1_221' title='bbox 943 3517 1034 3559; x_wconf 87' lang='lat' dir='ltr'>casus</span> <span class='ocrx_word' id='word_1_222' title='bbox 1063 3495 1161 3578; x_wconf 84' lang='lat' dir='ltr'>sexti,</span> <span class='ocrx_word' id='word_1_223' title='bbox 1190 3515 1268 3579; x_wconf 91' lang='lat' dir='ltr'>quos</span> <span class='ocrx_word' id='word_1_224' title='bbox 1296 3493 1454 3556; x_wconf 90' lang='lat' dir='ltr'>ablativos</span> 
     </span>
     <span class='ocr_line' id='line_1_29' title="bbox 313 3603 1455 3689; baseline -0.002 -21"><span class='ocrx_word' id='word_1_225' title='bbox 313 3625 426 3668; x_wconf 89' lang='lat' dir='ltr'>causae</span> <span class='ocrx_word' id='word_1_226' title='bbox 448 3605 674 3688; x_wconf 69' lang='lat' dir='ltr'>appellaveris,</span> <span class='ocrx_word' id='word_1_227' title='bbox 697 3605 737 3668; x_wconf 87' lang='lat' dir='ltr'>ad</span> <span class='ocrx_word' id='word_1_228' title='bbox 759 3606 947 3689; x_wconf 72' lang='lat' dir='ltr'>respublicae</span> <span class='ocrx_word' id='word_1_229' title='bbox 968 3607 1075 3670; x_wconf 87' lang='lat' dir='ltr'>autern</span> <span class='ocrx_word' id='word_1_230' title='bbox 1097 3605 1239 3670; x_wconf 82' lang='lat' dir='ltr'>dativum</span> <span class='ocrx_word' id='word_1_231' title='bbox 1259 3608 1328 3669; x_wconf 92' lang='lat' dir='ltr'>tam</span> <span class='ocrx_word' id='word_1_232' title='bbox 1350 3603 1455 3668; x_wconf 81' lang='lat' dir='ltr'>debere</span> 
     </span>
     <span class='ocr_line' id='line_1_30' title="bbox 312 3713 1455 3801; baseline -0.003 -23"><span class='ocrx_word' id='word_1_233' title='bbox 312 3737 408 3798; x_wconf 90' lang='lat' dir='ltr'>quam</span> <span class='ocrx_word' id='word_1_234' title='bbox 429 3717 566 3780; x_wconf 78' lang='lat' dir='ltr'>debitum</span> <span class='ocrx_word' id='word_1_235' title='bbox 581 3717 808 3799; x_wconf 79' lang='lat' dir='ltr'>praestitissem</span> <span class='ocrx_word' id='word_1_236' title='bbox 830 3715 1033 3781; x_wconf 85' lang='lat' dir='ltr'>referendum</span> <span class='ocrx_word' id='word_1_237' title='bbox 1055 3719 1119 3801; x_wconf 89' lang='lat' dir='ltr'>est,</span> <span class='ocrx_word' id='word_1_238' title='bbox 1152 3719 1190 3780; x_wconf 86' lang='lat' dir='ltr'>ut</span> <span class='ocrx_word' id='word_1_239' title='bbox 1211 3715 1366 3797; x_wconf 90' lang='lat' dir='ltr'>Orellius,</span> <span class='ocrx_word' id='word_1_240' title='bbox 1386 3713 1455 3797; x_wconf 69' lang='lat' dir='ltr'>vqui</span> 
     </span>
     <span class='ocr_line' id='line_1_31' title="bbox 313 3823 1455 3912; baseline -0.004 -22"><span class='ocrx_word' id='word_1_241' title='bbox 313 3826 411 3890; x_wconf 75' lang='lat' dir='ltr'>alicui</span> <span class='ocrx_word' id='word_1_242' title='bbox 437 3826 596 3909; x_wconf 66' lang='lat' dir='ltr'>stupratori</span> <span class='ocrx_word' id='word_1_243' title='bbox 624 3828 767 3911; x_wconf 67' lang='lat' dir='ltr'>beneficio</span> <span class='ocrx_word' id='word_1_244' title='bbox 794 3827 931 3890; x_wconf 89' lang='lat' dir='ltr'>alterum</span> <span class='ocrx_word' id='word_1_245' title='bbox 959 3827 1100 3892; x_wconf 86' lang='lat' dir='ltr'>dativum</span> <span class='ocrx_word' id='word_1_246' title='bbox 1129 3825 1365 3912; x_wconf 86' lang='lat' dir='ltr'>deprehendere</span> <span class='ocrx_word' id='word_1_247' title='bbox 1393 3823 1455 3886; x_wconf 90' lang='lat' dir='ltr'>sibi</span> 
     </span>
     <span class='ocr_line' id='line_1_32' title="bbox 313 3920 1456 4024; baseline -0.001 -26"><span class='ocrx_word' id='word_1_248' title='bbox 313 3935 484 4020; x_wconf 87' lang='lat' dir='ltr'>videretur,</span> <span class='ocrx_word' id='word_1_249' title='bbox 512 3920 584 4000; x_wconf 80' lang='lat' dir='ltr'>curn</span> <span class='ocrx_word' id='word_1_250' title='bbox 607 3957 668 4020; x_wconf 90' lang='lat' dir='ltr'>quo</span> <span class='ocrx_word' id='word_1_251' title='bbox 691 3938 826 4002; x_wconf 71' lang='lat' dir='ltr'>debitam</span> <span class='ocrx_word' id='word_1_252' title='bbox 848 3960 878 4001; x_wconf 88' lang='lat' dir='ltr'>v.</span> <span class='ocrx_word' id='word_1_253' title='bbox 903 3939 1128 4024; x_wconf 89' lang='lat' dir='ltr'>coniungeret,</span> <span class='ocrx_word' id='word_1_254' title='bbox 1152 3936 1233 4001; x_wconf 88' lang='lat' dir='ltr'>recti</span> <span class='ocrx_word' id='word_1_255' title='bbox 1254 3935 1365 3999; x_wconf 91' lang='lat' dir='ltr'>iudicii</span> <span class='ocrx_word' id='word_1_256' title='bbox 1386 3936 1456 3998; x_wconf 88' lang='lat' dir='ltr'>tota</span> 
     </span>
     <span class='ocr_line' id='line_1_33' title="bbox 313 4045 715 4111; baseline 0.01 -3"><span class='ocrx_word' id='word_1_257' title='bbox 313 4045 365 4109; x_wconf 90' lang='lat' dir='ltr'>via</span> <span class='ocrx_word' id='word_1_258' title='bbox 386 4045 591 4111; x_wconf 85' lang='lat' dir='ltr'>aberraverit.</span> <span class='ocrx_word' id='word_1_259' title='bbox 710 4069 715 4076; x_wconf 83' lang='lat'><em>·</em></span> 
     </span>
    </p>
   </div>
   <div class='ocr_carea' id='block_1_7' title="bbox 400 4179 573 4265">
    <p class='ocr_par' dir='ltr' id='par_1_8' title="bbox 400 4179 573 4265">
     <span class='ocr_line' id='line_1_34' title="bbox 400 4179 573 4265; baseline 0 -19"><span class='ocrx_word' id='word_1_260' title='bbox 400 4179 461 4247; x_wconf 92' lang='grc' dir='ltr'><strong>ΙΙΙ.</strong></span> <span class='ocrx_word' id='word_1_261' title='bbox 484 4182 514 4265; x_wconf 89' lang='lat'>8,</span> <span class='ocrx_word' id='word_1_262' title='bbox 539 4183 573 4246; x_wconf 78' lang='lat' dir='ltr'>l:</span> 
     </span>
    </p>
   </div>
   <div class='ocr_carea' id='block_1_8' title="bbox 315 4315 1455 4519">
    <p class='ocr_par' dir='ltr' id='par_1_9' title="bbox 315 4315 1455 4519">
     <span class='ocr_line' id='line_1_35' title="bbox 399 4315 1454 4406; baseline 0 -23"><span class='ocrx_word' id='word_1_263' title='bbox 399 4317 445 4383; x_wconf 80' lang='lat' dir='ltr'>‘Si</span> <span class='ocrx_word' id='word_1_264' title='bbox 468 4317 539 4402; x_wconf 90' lang='lat' dir='ltr'>quis</span> <span class='ocrx_word' id='word_1_265' title='bbox 562 4320 621 4402; x_wconf 89' lang='lat' dir='ltr'>est,</span> <span class='ocrx_word' id='word_1_266' title='bbox 645 4319 699 4402; x_wconf 93' lang='lat' dir='ltr'>qui</span> <span class='ocrx_word' id='word_1_267' title='bbox 721 4320 883 4385; x_wconf 88' lang='lat' dir='ltr'>neminem</span> <span class='ocrx_word' id='word_1_268' title='bbox 898 4321 983 4386; x_wconf 87' lang='lat' dir='ltr'>bona</span> <span class='ocrx_word' id='word_1_269' title='bbox 998 4321 1060 4386; x_wconf 91' lang='lat' dir='ltr'>fide</span> <span class='ocrx_word' id='word_1_270' title='bbox 1075 4320 1109 4386; x_wconf 91' lang='lat' dir='ltr'>in</span> <span class='ocrx_word' id='word_1_271' title='bbox 1125 4319 1264 4406; x_wconf 85' lang='lat' dir='ltr'>gratiam</span> <span class='ocrx_word' id='word_1_272' title='bbox 1279 4321 1372 4405; x_wconf 91' lang='lat' dir='ltr'>putet</span> <span class='ocrx_word' id='word_1_273' title='bbox 1386 4315 1454 4384; x_wconf 92' lang='lat' dir='ltr'>red-</span> 
     </span>
     <span class='ocr_line' id='line_1_36' title="bbox 315 4428 1455 4519; baseline 0.004 -27"><span class='ocrx_word' id='word_1_274' title='bbox 315 4428 361 4492; x_wconf 89' lang='lat' dir='ltr'>ire</span> <span class='ocrx_word' id='word_1_275' title='bbox 379 4449 483 4514; x_wconf 90' lang='lat' dir='ltr'>posse,</span> <span class='ocrx_word' id='word_1_276' title='bbox 503 4449 570 4494; x_wconf 94' lang='lat' dir='ltr'>non</span> <span class='ocrx_word' id='word_1_277' title='bbox 587 4431 733 4494; x_wconf 89' lang='lat' dir='ltr'>nostram</span> <span class='ocrx_word' id='word_1_278' title='bbox 747 4430 774 4495; x_wconf 76' lang='lat' dir='ltr'>ie</span> <span class='ocrx_word' id='word_1_279' title='bbox 786 4431 952 4515; x_wconf 87' lang='lat' dir='ltr'>perfidiam</span> <span class='ocrx_word' id='word_1_280' title='bbox 965 4433 1121 4519; x_wconf 77' lang='lat' dir='ltr'>coarguit,</span> <span class='ocrx_word' id='word_1_281' title='bbox 1137 4431 1192 4496; x_wconf 88' lang='lat' dir='ltr'>sed</span> <span class='ocrx_word' id='word_1_282' title='bbox 1205 4431 1329 4497; x_wconf 90' lang='lat' dir='ltr'>indicat</span> <span class='ocrx_word' id='word_1_283' title='bbox 1341 4437 1455 4498; x_wconf 67' lang='lat' dir='ltr'>suam?</span> 
     </span>
    </p>
   </div>
   <div class='ocr_carea' id='block_1_9' title="bbox 0 0 1686 5158">
    <p class='ocr_par' dir='ltr' id='par_1_10' title="bbox 0 0 1686 5158">
     <span class='ocr_line' id='line_1_37' title="bbox 0 0 1686 5158; baseline 0 0"><span class='ocrx_word' id='word_1_284' title='bbox 0 0 1686 5158; x_wconf 95' lang='lat' dir='ltr'> </span> 
     </span>
    </p>
   </div>
  </div>
 </body>
</html>
