3334 5158
785 310 1061 381 -24-.

410 481 561 548 Dandum
581 481 718 546 fortasse
740 480 903 564 Munatio,
928 480 983 566 qui
1006 479 1189 564 contendit,
1212 481 1253 545 ad
1275 481 1471 548 sententiam

309 593 444 658 rectius
465 592 531 677 legi
552 613 612 674 quo
627 591 814 676 Epicurum,
838 613 933 677 quem
956 592 1039 675 quod
1058 591 1245 674 Epicurum,
1267 613 1349 677 quae
1370 593 1470 678 scrip·
1519 655 1523 662 .

324 707 398 768 tura
412 701 548 767 Medicei
568 701 644 766 libri
666 705 724 766 est.
754 700 868 786 Neque
888 706 999 766 tamen
1019 702 1066 766 ita
1089 702 1277 770 crediderim
1298 703 1471 787 pristinam

326 814 519 898 scripturam
540 811 615 876 huic
629 811 699 876 loco
715 812 755 876 ab
771 812 882 876 eodem
895 811 1053 877 redditam
1068 831 1146 876 esse.
1172 811 1252 877 lude
1267 813 1364 898 enim,
1387 812 1471 899 quod

327 924 363 988 in
384 923 556 997 ueterrimo
579 923 686 988 codiee
714 925 798 1005 qaod
818 924 926 986 exstat
952 921 1141 1006 insequente
1169 921 1197 988 Ε
1218 922 1328 988 littera
1354 925 1469 989 maius-

329 1035 411 1118 cula,
436 1034 474 1099 de
497 1034 585 1098 cuius
608 1033 766 1123 singulari
788 1032 820 1096 vi
842 1035 875 1097 et
896 1035 1013 1097 natura
1035 1054 1132 1116 supra
1154 1033 1229 1116 dixi,
1254 1035 1470 1102 coniecturam

324 1145 409 1238 facio
425 1143 611 1212 Ciceronem
633 1143 812 1230 scripsisse:
836 1163 896 1226 qao
918 1146 955 1209 de
970 1143 1148 1227 spicarum
1168 1149 1257 1210 taum
1272 1143 1370 1211 Stoici
1385 1148 1471 1218 ‚mate

326 1257 493 1339 occiptuat.
513 1311 516 1318 ,
538 1254 623 1319 Illud
652 1274 711 1337 quo
743 1255 780 1319 cte
808 1255 894 1338 apud
922 1254 1108 1320 Ciceronem
1135 1257 1286 1340 quattuor
1311 1255 1407 1340 locis,
1435 1257 1472 1320 ni

326 1366 437 1451 fallor,
461 1365 597 1452 legitur,
629 1386 706 1429 nam
733 1365 932 1448 postpositae
961 1356 1049 1430 casui
1071 1386 1128 1430 suo
1149 1365 1396 1450 praepositionis
1419 1388 1471 1431 cx-

327 1477 482 1562 emplum,
516 1476 600 1560 quod
627 1478 697 1539 erat
724 1475 759 1540 in
788 1475 934 1540 oratione
963 1477 1001 1540 de
1029 1477 1107 1560 imp.
1139 1475 1197 1542 Cn.
1221 1472 1349 1561 Pomp‘
1362 1481 1393 1560 ξ.
1417 1477 1470 1543 47.
1499 1459 1501 1464 ’

308 1585 469 1654 ‘Palatini
493 1589 526 1651 ct
547 1585 748 1652 Erfurtensis
772 1586 916 1651 codicum
938 1587 1130 1652 auctoritate
1151 1589 1310 1652 mutatum
1333 1590 1391 1653 est.

411 1698 621 1780 Litterarum,
649 1718 728 1781 quas
752 1695 862 1762 Cicero
888 1697 928 1762 ad
950 1697 995 1762 M.
1019 1697 1179 1762 Licinium
1201 1695 1350 1764 Crassum
1372 1699 1470 1784 dedit,

327 1809 503 1894 quibusque
532 1807 561 1872 ei
590 1807 740 1872 eximium
770 1809 802 1872 et
830 1807 994 1892 singulare
1021 1807 1160 1872 studium
1187 1808 1222 1872 in
1244 1809 1331 1873 omni
1353 1830 1472 1894 genere

328 1919 427 1984 officii
448 1918 626 2002 profitetur,
649 1917 720 2000 ipso
741 1917 835 1982 initio
857 1919 957 2002 haesi,
980 1921 1017 1983 ut
1032 1918 1136 2002 debui,
1160 1921 1193 1982 et
1202 1921 1358 2004 tanquam
1372 1919 1493 1986 limen-

328 2029 487 2094 offendere
509 2027 589 2092 mihi
610 2027 696 2091 visus
720 2049 802 2092 sum.
832 2027 882 2092 Ibi
905 2029 990 2094 enim
1012 2027 1053 2113 V,
1077 2029 1096 2094 8
1118 2011 1200 2093 haec
1221 2029 1386 2114 leguntur:

413 2138 586 2216 ‘Quantum
600 2159 706 2204 mcum
721 2121 861 2203 studium
875 2140 1035 2204 exstiterit
1046 2139 1305 2225 dignitatis-tuae
1316 2140 1367 2205 vel
1380 2142 1473 2205 tuen-

328 2253 387 2316 dae
399 2251 450 2316 vel
465 2250 562 2315 etiam
578 2250 754 2334 augendae,
771 2271 838 2314 non
853 2250 973 2334 dubito,
990 2250 1069 2335 quin
1084 2249 1124 2314 ad
1137 2253 1170 2314 te
1185 2271 1296 2315 omncs
1310 2251 1358 2315 tui
1373 2252 1473 2336 scrip-

328 2361 439 2427 serint.
469 2360 545 2426 Non
560 2360 646 2425 enim
660 2360 723 2424 fuit
738 2363 794 2425 aut
808 2360 966 2426 mediocre
982 2363 1038 2424 aut
1052 2361 1222 2426 obscurum
1239 2364 1295 2426 aut
1310 2362 1473 2447 eiusmodi,

328 2472 411 2558 quod
434 2469 562 2536 silentio
584 2473 692 2554 posset
706 2471 886 2554 praeteriri.
916 2469 1001 2535 Nam
1020 2474 1052 2536 et
1068 2493 1140 2556 cum
1156 2471 1338 2536 consulibus
1353 2475 1385 2537 et
1401 2494 1472 2537 cum

329 2581 439 2647 multis
462 2579 681 2646 consularibus
703 2583 796 2645 tanta
818 2581 1025 2646 contentione
1047 2582 1217 2667 decertavi,
1248 2585 1370 2666 quanta
1390 2605 1472 2648 nun-

329 2716 425 2778 quam
447 2695 543 2757 antea
565 2690 632 2756 ulla
653 2691 688 2756 in
704 2713 809 2777 causa,
833 2692 1020 2778 suscepique
1034 2692 1113 2757 mihi
1128 2695 1314 2778 perpetuam
1334 2714 1471 2778 propug-

329 2805 494 2869 nationem
515 2823 574 2886 pro
596 2802 743 2866 omnibus
765 2804 963 2868 ornamentis
985 2803 1073 2868 tuis’
1095 2840 1140 2853 -

416 2913 583 2997 Omnibus,
612 2915 767 2996 quotquot
788 2913 867 2978 haec
890 2913 1067 2997 ediderunt,
1096 2913 1246 2998 neglecta
1269 2914 1385 2979 codicis
1407 2915 1473 2978 Me-

331 3025 414 3090 dicci
429 3023 589 3108 scriptura
605 3025 669 3087 est:
694 3022 854 3103 Quantam
876 3027 920 3090 od
939 3046 1042 3090 meam
1055 3025 1211 3103 studium
1234 3024 1320 3088 solus
1336 3025 1474 3090 Orellius
1586 3071 1588 3076 -

332 3135 520 3201 Ciceronem
537 3133 701 3218 scripsisse
717 3134 869 3200 coniecit:
895 3135 1056 3216 Quantam
1078 3135 1180 3200 adbuc
1200 3153 1304 3200 meam
1324 3137 1472 3216 audiam,

331 3247 387 3311 sed
410 3245 626 3310 coniecturam
648 3243 818 3309 subtimide
840 3245 875 3309 in
897 3245 1044 3330 margine
1066 3245 1184 3330 posuit.
1228 3245 1273 3310 Et
1293 3247 1380 3310 recte
1402 3246 1475 3310 sub-

332 3356 500 3420 dubitavit.
530 3353 747 3420 Vehementer
762 3354 848 3419 enim
863 3357 935 3439 ipsa
949 3359 1112 3441 repugnat
1121 3357 1298 3440 sententia,
1322 3357 1474 3440 quoniam

331 3467 427 3531 initio
441 3465 634 3542 litterarum
650 3485 716 3528 non
738 3465 771 3529 id
793 3466 864 3550 agit
885 3465 1006 3550 Cicero,
1029 3469 1065 3532 ut
1087 3469 1209 3550 quanta
1232 3466 1272 3531 ad
1294 3466 1326 3531 id
1347 3469 1475 3551 tempus

334 3576 464 3640 omnino
487 3597 584 3660 opera
607 3577 639 3640 et
662 3597 740 3640 cura
759 3597 817 3639 sua
837 3575 935 3640 fuerit
958 3577 1086 3642 absenti
1102 3577 1215 3643 Crasso
1229 3576 1417 3662 declararet,
1441 3577 1475 3642 id
1552 3565 1566 3578 ’

248 3684 254 3694 ’
333 3687 416 3770 quod
438 3685 520 3750 facit
540 3686 575 3749 in
597 3684 719 3770 reliqua
741 3686 888 3771 epistula,
912 3687 967 3752 sed
989 3691 1026 3752 ut
1040 3687 1204 3773 singulare
1219 3687 1338 3772 aliquid
1352 3686 1476 3752 factum

332 3797 477 3880 referret,
502 3817 563 3880 quo
586 3795 736 3860 eximium
758 3819 850 3862 suum
873 3819 950 3882 erga
966 3796 1115 3862 Crassum
1132 3798 1273 3862 studium
1296 3797 1474 3882 exsisteret,

334 3910 367 3972 et
390 3909 512 3970 certum
535 3906 673 3990 aliquem
695 3907 778 3971 diem
800 3907 968 3992 indicaret,
992 3929 1054 3992 quo
1070 3909 1136 3972 cius
1158 3903 1350 3993 dignitatem
1371 3909 1407 3972 in
1428 3931 1476 3973 se-

334 4019 416 4081 natu
437 4017 484 4080 ita
506 4016 700 4100 defenderet,
724 4020 761 4082 ut
783 4039 816 4083 se
839 4017 868 4082 ei
890 4017 1118 4102 amicissimum
1140 4040 1208 4083 esse
1231 4020 1362 4083 senatus
1376 4039 1477 4102 popu-

336 4128 447 4213 lusque
469 4126 633 4192 Romanus
655 4127 861 4213 intelligeret.
906 4127 1054 4194 Crassum
1079 4131 1228 4194 autema
1251 4127 1402 4194 Cicerone
1425 4129 1477 4204 de7

336 4238 463 4302 feneum
486 4259 554 4302 esse
577 4240 663 4302 certe
685 4240 765 4322 erat,
789 4239 872 4323 quod
894 4242 1010 4304 cuncta
1033 4239 1144 4306 civitas
1166 4240 1346 4324 miraretur,
1369 4241 1400 4304 et
1419 4239 1478 4302 mi-

334 4349 423 4412 ratus
453 4349 502 4412 est
529 4368 599 4412 cum
629 4347 769 4414 audisset
797 4347 832 4414 P.
860 4347 1014 4414 Lentulus
1041 4349 1213 4437 proconsul
1241 4348 1390 4436 Ciliciae,
1425 4353 1478 4419 eui
