3334 5158
647 397 852 460 -19-

266 563 340 629 ‘Sed
363 565 548 646 tamenetsi
565 566 662 628 untes
683 566 808 650 scripsi,
832 587 911 650 quoe
927 566 1106 630 existimavi
1122 566 1218 630 scribi
1233 588 1324 651 opor-

179 678 264 759 tere,
293 676 404 740 tumen
426 675 487 740 hoo
509 678 652 760 tempore
675 675 814 756 breviter
837 675 1102 741 commonendum
1124 677 1250 761 putavi,
1283 699 1324 741 ne

180 809 243 871 quo
265 785 407 870 periculo
429 788 461 850 te
483 787 613 871 proprio
636 785 835 851 existimares
851 809 932 872 esse3
957 787 994 852 in
1008 809 1128 873 magno
1143 809 1254 852 omnes
1270 788 1325 852 sed

179 897 348 962 tamenin
371 896 533 971 communi
555 904 687 961 sumus!

265 1007 317 1072 Its
343 1007 418 1072 libri
447 1009 480 1072 et
506 1008 653 1091 impressi
676 1010 709 1072 et
730 1031 829 1073 manu
852 1011 981 1073 exarati.
1026 1007 1117 1073 Solus
1139 999 1324 1093 LembinuS,

180 1119 264 1204 quod
290 1125 318 1183 te
344 1139 521 1203 pronomen
549 1118 764 1183 necessarium
791 1119 962 1204 iudicavit,
992 1124 1020 1184 te
1042 1121 1173 1184 breuiter
1194 1141 1325 1184 commo·

184 1231 323 1295 neudum
338 1228 477 1314 scripsit.
509 1227 571 1294 Sed
586 1229 657 1293 sani
671 1228 767 1293 homo
788 1229 899 1295 iudicii
921 1230 1005 1315 quod
1027 1235 1055 1294 te
1077 1231 1208 1295 breuiter
1229 1251 1326 1314 quum

182 1342 313 1406 breuiter
334 1345 362 1405 te
390 1361 544 1424 reponere
566 1339 697 1424 meluit,
734 1339 798 1404 veri
827 1339 1013 1405 inveniendi
1034 1341 1119 1405 viem
1147 1341 1207 1405 sibi
1235 1362 1326 1425 prse-

184 1451 288 1516 clusit.
318 1450 415 1516 Latet
429 1451 514 1516 enim
530 1453 660 1516 breuiter
674 1451 829 1515 vocabulo
843 1451 875 1514 id
892 1450 1008 1536 ipsum,
1032 1451 1115 1535 quod
1132 1451 1325 1536 requirebat7

183 1565 217 1626 et
237 1562 308 1646 ipsa
330 1583 363 1626 se
378 1561 468 1646 quasi
488 1561 588 1626 oculis
603 1561 696 1666 offert
711 1561 907 1626 emendatio:
931 1563 1016 1627 breui
1030 1567 1058 1626 te
1072 1563 1327 1627 commonendum

177 1675 301 1756 putaui.

267 1783 406 1849 Multum
427 1783 593 1848 molestiae
616 1786 805 1848 creaverunt
827 1783 946 1860 Orellio
967 1783 1093 1848 Vatinii
1115 1783 1222 1866 verbu,
1247 1804 1327 1867 quse

184 1917 222 1960 ex
238 1894 401 1958 Dalmatis
423 1895 463 1958 ad
479 1894 664 1960 Ciceronem
686 1916 778 1958 suum
800 1894 928 1978 scripsit
949 1894 990 1958 V.
1009 1895 1059 1978 10,
1075 1894 1107 1978 2,
1130 1897 1167 1957 ut
1189 1893 1327 1976 denique

183 2028 274 2071 suam
296 2008 398 2070 artem
420 2006 593 2090 desperans
615 2005 664 2068 illi
685 2005 854 2088 vocabulo,
883 2006 966 2088 quod
996 2004 1195 2088 corruptelae
1217 2004 1325 2068 sedem

184 2116 367 2200 iudicasset,
392 2115 495 2180 erucis
511 2116 640 2201 signum
654 2115 857 2200 praefigeret,
881 2136 943 2199 quo
967 2115 1045 2178 alios
1068 2114 1107 2178 ed
1125 2114 1327 2178 considerau-

185 2227 260 2290 dum
282 2227 444 2310 invitaret,
472 2226 620 2310 numquis
643 2225 762 2310 aliquid
785 2224 1017 2290 emendationis
1039 2225 1176 2290 efferret.

269 2336 343 2402 ‘sed
364 2341 485 2420 tumen,
508 2337 552 2400 mi
571 2336 692 2421 Cicero,
716 2336 792 2421 quid
809 2335 921 2415 ¹fecere
942 2334 1096 2420 possum?
1125 2335 1242 2400 Omnia
1264 2356 1328 2399 me-

184 2434 312 2513 hercule
335 2447 444 2533 cupio,
479 2468 560 2531 quae
581 2449 618 2511 tu
640 2446 685 2511 mi
706 2447 861 2531 imperes3
895 2468 1000 2510 meam
1022 2445 1329 2510 animadversionem

186 2562 219 2624 et
241 2558 448 2643 supplicium,
477 2579 539 2642 quo
561 2579 675 2622 usurus
699 2579 786 2621 erem
807 2559 843 2621 in
866 2579 952 2640 eum,
974 2579 1067 2642 quem
1091 2556 1259 2641 cepissem,
1281 2578 1329 2622 re-

185 2669 280 2734 mitto
302 2669 363 2733 tibi
386 2671 419 2732 et
441 2668 596 2732 condono.
627 2667 710 2743 Quid
732 2667 796 2732 illis
816 2668 1010 2752 respondere
1031 2689 1171 2752 possum,
1195 2667 1250 2751 qui
1272 2688 1329 2731 sus

185 2779 271 2844 bona
293 2778 428 2863 direpta,
451 2800 550 2842 neves
572 2781 783 2863 expugnatus,
806 2779 934 2862 fratres,
956 2777 1083 2862 liberos,
1106 2780 1265 2872 parentes¹
1278 2799 1329 2842 oc-

188 2890 280 2974 cisos,
305 2889 449 2954 actiones
471 2887 700 2973 expostulant?
729 2887 764 2953 si
785 2889 981 2954 mehercules
996 2889 1096 2974 Appii
1118 2910 1153 2953 os
1168 2887 1328 2969 haberem,

186 3001 222 3064 in
239 3000 327 3064 cuius
349 2999 454 3064 locum
469 2999 619 3064 suffectus
635 3021 715 3083 sum,
736 3004 848 3064 temen
862 2999 923 3065 hoo
938 2999 1096 3064 sustinere
1111 3020 1177 3064 non
1191 3020 1327 3084 possem.

188 3110 271 3186 Quid
293 3131 370 3195 ergo
392 3109 465 3174 est?
493 3110 624 3186 Faciem
652 3111 760 3175 omnis
783 3111 908 3194 sedulo,
937 3132 1018 3196 quae
1047 3113 1080 3174 te
1110 3109 1209 3174 seium
1236 3109 1327 3175 velle.

186 3220 379 3286 Defenditur
397 3242 415 3283 u
430 3218 468 3295 Q.
485 3218 627 3304 Volusio,
650 3223 706 3285 tuo
729 3221 899 3305 discipulo:
923 3221 950 3285 si
972 3220 1056 3285 forte
1079 3242 1117 3285 ea
1138 3242 1189 3285 res
1210 3220 1330 3306 poterit

187 3330 391 3396 adversarios
406 3331 538 3416 fugere3
560 3331 595 3395 in
618 3351 654 3395 eo
676 3331 815 3396 maxima
837 3353 909 3416 spes
932 3333 1005 3396 est’

272 3441 421 3527 Orellius,
444 3464 516 3507 oum
532 3444 608 3506 ante
624 3463 696 3506 eum
710 3445 830 3507 actione
844 3443 1016 3527 legeretur,
1040 3464 1111 3506 eam
1126 3441 1329 3526 scripturam,

187 3574 284 3636 quam
305 3550 467 3616 Mediceus
489 3552 638 3636 praebet,
668 3554 804 3618 actiones
829 3552 979 3616 restituit.
1015 3551 1087 3617 Hoc
1109 3555 1216 3616 eutem
1237 3573 1330 3617 roos-

186 3663 298 3727 bulum
319 3666 388 3726 tem
409 3663 507 3727 inane
530 3685 597 3728 esse
620 3666 653 3727 et
674 3662 751 3727 adeo
773 3664 862 3727 omni
885 3683 992 3727 carere
1015 3662 1177 3727 sententia
1191 3663 1328 3747 putavit,

187 3776 225 3838 ut
246 3772 371 3858 quidvis
393 3771 480 3835 uliud
502 3772 694 3838 substituere
717 3776 896 3839 conaretur.
932 3772 1018 3838 Nam
1040 3773 1221 3858 suspicatur
1243 3771 1330 3838 Cice·

187 3905 299 3948 ronem
332 3881 497 3966 scripsisse
529 3885 641 3949 occisos
668 3907 690 3950 o
713 3884 826 3950 Catilio
855 3885 1051 3968 expostulant
1078 3883 1157 3968 (scil.
1185 3885 1328 3969 mecum).

188 3993 264 4058 Fuit
286 3994 371 4058 enim
394 3992 526 4059 Catilius
553 3994 608 4058 ille
636 3994 731 4059 homo
761 3995 1005 4059 crudelissimus.
1041 3993 1238 4079 Quamquam
1260 4015 1330 4078 pro-

188 4104 260 4188 pius
283 4103 433 4168 accedere
454 4105 561 4189 potuit
583 4105 622 4169 ed
645 4105 777 4189 antiqua
798 4104 934 4170 Medicei
956 4104 1094 4189 vestigia
1116 4107 1149 4168 et
1175 4103 1331 4167 coniicere

189 4237 211 4279 o
234 4213 347 4280 Catilio
369 4235 473 4280 omues
494 4215 561 4280 sive
583 4217 698 4280 uniter
719 4236 832 4281 omues,
878 4214 939 4280 Sed
962 4217 1097 4280 actiones
1124 4216 1192 4277 tum
1220 4217 1331 4298 aperte

189 4323 314 4388 sincera
336 4328 368 4388 et
390 4325 533 4410 genuine
555 4325 715 4410 scripture
743 4329 807 4412 est,
835 4329 872 4390 ut
899 4326 1016 4390 mirum
1043 4324 1100 4409 sit,
1129 4324 1271 4408 potuisse
1298 4323 1331 4387 id

190 4433 310 4521 Orellio
332 4457 422 4502 secus
444 4438 555 4503 videri.
587 4436 757 4502 Dalmatae
780 4437 865 4501 enim
888 4435 954 4502 rive
975 4435 1088 4521 Illyrii,
1112 4437 1149 4499 ut
1170 4456 1261 4499 suum
1282 4434 1332 4499 ius

1144 4554 1180 4610 2*
