<?xml version="1.0" encoding="UTF-8"?>
<!DOCTYPE html PUBLIC "-//W3C//DTD XHTML 1.0 Transitional//EN"
    "http://www.w3.org/TR/xhtml1/DTD/xhtml1-transitional.dtd">
<html xmlns="http://www.w3.org/1999/xhtml" xml:lang="en" lang="en">
 <head>
  <title>
</title>
<meta http-equiv="Content-Type" content="text/html;charset=utf-8" />
  <meta name='ocr-system' content='tesseract 3.04.00' />
  <meta name='ocr-capabilities' content='ocr_page ocr_carea ocr_par ocr_line ocrx_word'/>
</head>
<body>
  <div class='ocr_page' id='page_1' title='image "./mtulliciceronis00kraugoog_0013.png"; bbox 0 0 3334 5158; ppageno 0'>
   <div class='ocr_carea' id='block_1_1' title="bbox 766 337 956 402">
    <p class='ocr_par' dir='ltr' id='par_1_1' title="bbox 766 337 956 402">
     <span class='ocr_line' id='line_1_1' title="bbox 766 337 956 402; baseline 0.011 -18"><span class='ocrx_word' id='word_1_1' title='bbox 766 337 956 402; x_wconf 73' lang='lat'><em>..8..</em></span> 
     </span>
    </p>
   </div>
   <div class='ocr_carea' id='block_1_2' title="bbox 286 505 1527 2246">
    <p class='ocr_par' dir='ltr' id='par_1_2' title="bbox 286 505 1527 2246">
     <span class='ocr_line' id='line_1_2' title="bbox 287 505 1432 594; baseline 0.003 -22"><span class='ocrx_word' id='word_1_2' title='bbox 287 529 415 592; x_wconf 79' lang='lat' dir='ltr'>quaeso.</span> <span class='ocrx_word' id='word_1_3' title='bbox 460 505 559 575; x_wconf 86' lang='lat' dir='ltr'>Nosti¹</span> <span class='ocrx_word' id='word_1_4' title='bbox 584 507 670 572; x_wconf 90' lang='lat' dir='ltr'>enim</span> <span class='ocrx_word' id='word_1_5' title='bbox 699 527 762 591; x_wconf 91' lang='lat' dir='ltr'>qua</span> <span class='ocrx_word' id='word_1_6' title='bbox 789 507 824 570; x_wconf 92' lang='lat' dir='ltr'>in</span> <span class='ocrx_word' id='word_1_7' title='bbox 848 507 1030 573; x_wconf 87' lang='lat' dir='ltr'>conditione</span> <span class='ocrx_word' id='word_1_8' title='bbox 1052 510 1150 574; x_wconf 89' lang='lat' dir='ltr'>simus</span> <span class='ocrx_word' id='word_1_9' title='bbox 1173 506 1227 594; x_wconf 90' lang='lat' dir='ltr'>qui</span> <span class='ocrx_word' id='word_1_10' title='bbox 1249 509 1432 576; x_wconf 76' lang='lat' dir='ltr'>educandae</span> 
     </span>
     <span class='ocr_line' id='line_1_3' title="bbox 288 617 1432 705; baseline 0.002 -23"><span class='ocrx_word' id='word_1_11' title='bbox 288 617 541 702; x_wconf 90' lang='lat' dir='ltr'>erudiendaeque</span> <span class='ocrx_word' id='word_1_12' title='bbox 564 617 666 682; x_wconf 91' lang='lat' dir='ltr'>soboli</span> <span class='ocrx_word' id='word_1_13' title='bbox 687 617 913 682; x_wconf 81' lang='lat' dir='ltr'><strong>inserviamus:</strong></span> <span class='ocrx_word' id='word_1_14' title='bbox 935 640 1051 702; x_wconf 84' lang='lat' dir='ltr'>nempe</span> <span class='ocrx_word' id='word_1_15' title='bbox 1073 621 1109 683; x_wconf 90' lang='lat' dir='ltr'>ut</span> <span class='ocrx_word' id='word_1_16' title='bbox 1131 619 1272 684; x_wconf 89' lang='lat' dir='ltr'>inlibris</span> <span class='ocrx_word' id='word_1_17' title='bbox 1287 619 1432 705; x_wconf 89' lang='lat' dir='ltr'>legendis</span> 
     </span>
     <span class='ocr_line' id='line_1_4' title="bbox 287 727 1429 814; baseline 0.001 -22"><span class='ocrx_word' id='word_1_18' title='bbox 287 750 354 793; x_wconf 92' lang='lat' dir='ltr'>non</span> <span class='ocrx_word' id='word_1_19' title='bbox 377 727 616 792; x_wconf 90' lang='lat' dir='ltr'>conscribendis</span> <span class='ocrx_word' id='word_1_20' title='bbox 638 730 765 811; x_wconf 90' lang='lat' dir='ltr'>tempus</span> <span class='ocrx_word' id='word_1_21' title='bbox 788 730 821 792; x_wconf 90' lang='lat' dir='ltr'>et</span> <span class='ocrx_word' id='word_1_22' title='bbox 842 749 938 812; x_wconf 92' lang='lat' dir='ltr'>opera</span> <span class='ocrx_word' id='word_1_23' title='bbox 961 729 1054 794; x_wconf 92' lang='lat' dir='ltr'>nobis</span> <span class='ocrx_word' id='word_1_24' title='bbox 1076 729 1225 814; x_wconf 90' lang='lat' dir='ltr'>ponenda</span> <span class='ocrx_word' id='word_1_25' title='bbox 1247 729 1299 794; x_wconf 91' lang='lat' dir='ltr'>sit.</span> <span class='ocrx_word' id='word_1_26' title='bbox 1330 730 1377 793; x_wconf 87' lang='lat' dir='ltr'>At</span> <span class='ocrx_word' id='word_1_27' title='bbox 1390 767 1429 778; x_wconf 87' lang='lat'><em>-</em></span> 
     </span>
     <span class='ocr_line' id='line_1_5' title="bbox 286 837 1430 923; baseline 0.001 -20"><span class='ocrx_word' id='word_1_28' title='bbox 286 839 389 923; x_wconf 85' lang='lat' dir='ltr'>neque</span> <span class='ocrx_word' id='word_1_29' title='bbox 418 837 505 902; x_wconf 90' lang='lat' dir='ltr'>enim</span> <span class='ocrx_word' id='word_1_30' title='bbox 533 837 650 902; x_wconf 91' lang='lat' dir='ltr'>oblitus</span> <span class='ocrx_word' id='word_1_31' title='bbox 678 859 765 921; x_wconf 90' lang='lat' dir='ltr'>sum,</span> <span class='ocrx_word' id='word_1_32' title='bbox 800 860 880 922; x_wconf 89' lang='lat' dir='ltr'>quae</span> <span class='ocrx_word' id='word_1_33' title='bbox 915 839 1056 904; x_wconf 88' lang='lat' dir='ltr'>crebrius</span> <span class='ocrx_word' id='word_1_34' title='bbox 1085 839 1232 904; x_wconf 89' lang='lat' dir='ltr'>collocuti</span> <span class='ocrx_word' id='word_1_35' title='bbox 1261 862 1368 904; x_wconf 89' lang='lat' dir='ltr'>sumus</span> <span class='ocrx_word' id='word_1_36' title='bbox 1390 878 1430 890; x_wconf 84' lang='lat'><em>-</em></span> 
     </span>
     <span class='ocr_line' id='line_1_6' title="bbox 286 945 1432 1035; baseline 0.002 -22"><span class='ocrx_word' id='word_1_37' title='bbox 286 971 386 1013; x_wconf 90' lang='lat' dir='ltr'>unum</span> <span class='ocrx_word' id='word_1_38' title='bbox 408 945 523 1014; x_wconf 86' lang='lat' dir='ltr'>¹saltem</span> <span class='ocrx_word' id='word_1_39' title='bbox 545 948 664 1013; x_wconf 92' lang='lat' dir='ltr'>bonum</span> <span class='ocrx_word' id='word_1_40' title='bbox 685 948 803 1012; x_wconf 90' lang='lat' dir='ltr'>librum</span> <span class='ocrx_word' id='word_1_41' title='bbox 826 971 844 1013; x_wconf 93' lang='lat' dir='ltr'>a</span> <span class='ocrx_word' id='word_1_42' title='bbox 866 949 958 1014; x_wconf 91' lang='lat' dir='ltr'>nobis</span> <span class='ocrx_word' id='word_1_43' title='bbox 980 949 1177 1034; x_wconf 73' lang='lat' dir='ltr'><strong>postulabas.</strong></span> <span class='ocrx_word' id='word_1_44' title='bbox 1222 949 1266 1014; x_wconf 81' lang='lat' dir='ltr'>Et</span> <span class='ocrx_word' id='word_1_45' title='bbox 1287 951 1356 1014; x_wconf 91' lang='lat' dir='ltr'>iure</span> <span class='ocrx_word' id='word_1_46' title='bbox 1376 973 1432 1035; x_wconf 92' lang='lat' dir='ltr'>po-</span> 
     </span>
     <span class='ocr_line' id='line_1_7' title="bbox 290 1057 1433 1145; baseline 0 -21"><span class='ocrx_word' id='word_1_47' title='bbox 290 1059 443 1125; x_wconf 89' lang='lat' dir='ltr'>stulabas.</span> <span class='ocrx_word' id='word_1_48' title='bbox 489 1057 677 1144; x_wconf 79' lang='lat' dir='ltr'>Quanquam</span> <span class='ocrx_word' id='word_1_49' title='bbox 700 1058 769 1143; x_wconf 91' lang='lat' dir='ltr'>quis</span> <span class='ocrx_word' id='word_1_50' title='bbox 791 1059 870 1143; x_wconf 89' lang='lat' dir='ltr'>fuit,</span> <span class='ocrx_word' id='word_1_51' title='bbox 899 1081 992 1145; x_wconf 91' lang='lat' dir='ltr'>quem</span> <span class='ocrx_word' id='word_1_52' title='bbox 1013 1081 1079 1124; x_wconf 92' lang='lat' dir='ltr'>non</span> <span class='ocrx_word' id='word_1_53' title='bbox 1102 1063 1268 1124; x_wconf 79' lang='lat' dir='ltr'>moverent</span> <span class='ocrx_word' id='word_1_54' title='bbox 1288 1063 1433 1145; x_wconf 86' lang='lat' dir='ltr'>tempora</span> 
     </span>
     <span class='ocr_line' id='line_1_8' title="bbox 286 1169 1434 1264; baseline 0.001 -31"><span class='ocrx_word' id='word_1_55' title='bbox 286 1169 479 1254; x_wconf 87' lang='lat' dir='ltr'>praeterita,</span> <span class='ocrx_word' id='word_1_56' title='bbox 512 1169 627 1254; x_wconf 89' lang='lat' dir='ltr'>quibus</span> <span class='ocrx_word' id='word_1_57' title='bbox 648 1169 823 1254; x_wconf 89' lang='lat' dir='ltr'>tranquillo</span> <span class='ocrx_word' id='word_1_58' title='bbox 845 1169 910 1234; x_wconf 92' lang='lat' dir='ltr'>otio</span> <span class='ocrx_word' id='word_1_59' title='bbox 938 1170 1002 1234; x_wconf 88' lang='lat' dir='ltr'>frui</span> <span class='ocrx_word' id='word_1_60' title='bbox 1030 1171 1084 1235; x_wconf 86' lang='lat' dir='ltr'>vix</span> <span class='ocrx_word' id='word_1_61' title='bbox 1111 1171 1238 1255; x_wconf 89' lang='lat' dir='ltr'>liceret,</span> <span class='ocrx_word' id='word_1_62' title='bbox 1262 1171 1323 1264; x_wconf 32' lang='lat' dir='ltr'>&#39;qui</span> <span class='ocrx_word' id='word_1_63' title='bbox 1351 1169 1434 1234; x_wconf 91' lang='lat' dir='ltr'>nihil</span> 
     </span>
     <span class='ocr_line' id='line_1_9' title="bbox 286 1278 1433 1366; baseline 0.001 -21"><span class='ocrx_word' id='word_1_64' title='bbox 286 1281 475 1364; x_wconf 89' lang='lat' dir='ltr'>perterritus</span> <span class='ocrx_word' id='word_1_65' title='bbox 496 1279 644 1364; x_wconf 88' lang='lat' dir='ltr'>proeliis,</span> <span class='ocrx_word' id='word_1_66' title='bbox 677 1278 760 1344; x_wconf 87' lang='lat' dir='ltr'>nihil</span> <span class='ocrx_word' id='word_1_67' title='bbox 788 1296 903 1344; x_wconf 86' lang='lat' dir='ltr'>curans</span> <span class='ocrx_word' id='word_1_68' title='bbox 932 1280 1016 1345; x_wconf 88' lang='lat' dir='ltr'>bella</span> <span class='ocrx_word' id='word_1_69' title='bbox 1044 1280 1262 1366; x_wconf 87' lang='lat' dir='ltr'>bellorumque</span> <span class='ocrx_word' id='word_1_70' title='bbox 1290 1303 1433 1346; x_wconf 91' lang='lat' dir='ltr'>rumores</span> 
     </span>
     <span class='ocr_line' id='line_1_10' title="bbox 286 1389 1434 1477; baseline 0.001 -22"><span class='ocrx_word' id='word_1_71' title='bbox 286 1389 440 1455; x_wconf 89' lang='lat' dir='ltr'>inchoata</span> <span class='ocrx_word' id='word_1_72' title='bbox 469 1411 566 1475; x_wconf 89' lang='lat' dir='ltr'>opera</span> <span class='ocrx_word' id='word_1_73' title='bbox 593 1411 659 1454; x_wconf 91' lang='lat' dir='ltr'>non</span> <span class='ocrx_word' id='word_1_74' title='bbox 691 1390 943 1455; x_wconf 71' lang='lat' dir='ltr'>intermitteret?</span> <span class='ocrx_word' id='word_1_75' title='bbox 986 1391 1097 1455; x_wconf 88' lang='lat' dir='ltr'>Patria</span> <span class='ocrx_word' id='word_1_76' title='bbox 1130 1391 1258 1477; x_wconf 90' lang='lat' dir='ltr'>quidem</span> <span class='ocrx_word' id='word_1_77' title='bbox 1291 1391 1434 1476; x_wconf 87' lang='lat' dir='ltr'>proxime</span> 
     </span>
     <span class='ocr_line' id='line_1_11' title="bbox 288 1500 1433 1586; baseline 0.002 -22"><span class='ocrx_word' id='word_1_78' title='bbox 288 1522 347 1566; x_wconf 87' lang='lat' dir='ltr'>nos</span> <span class='ocrx_word' id='word_1_79' title='bbox 370 1501 504 1585; x_wconf 80' lang='lat' dir='ltr'>attinet,</span> <span class='ocrx_word' id='word_1_80' title='bbox 534 1504 567 1565; x_wconf 89' lang='lat' dir='ltr'>et</span> <span class='ocrx_word' id='word_1_81' title='bbox 589 1500 749 1585; x_wconf 86' lang='lat' dir='ltr'>equidem,</span> <span class='ocrx_word' id='word_1_82' title='bbox 777 1503 814 1564; x_wconf 90' lang='lat' dir='ltr'>nt</span> <span class='ocrx_word' id='word_1_83' title='bbox 835 1501 873 1565; x_wconf 90' lang='lat' dir='ltr'>de</span> <span class='ocrx_word' id='word_1_84' title='bbox 895 1523 946 1565; x_wconf 91' lang='lat' dir='ltr'>me</span> <span class='ocrx_word' id='word_1_85' title='bbox 974 1501 1102 1586; x_wconf 89' lang='lat' dir='ltr'>loquar,</span> <span class='ocrx_word' id='word_1_86' title='bbox 1138 1523 1234 1586; x_wconf 86' lang='lat' dir='ltr'>aegre</span> <span class='ocrx_word' id='word_1_87' title='bbox 1263 1523 1282 1566; x_wconf 91' lang='lat' dir='ltr'>a</span> <span class='ocrx_word' id='word_1_88' title='bbox 1303 1523 1354 1566; x_wconf 92' lang='lat' dir='ltr'>me</span> <span class='ocrx_word' id='word_1_89' title='bbox 1376 1502 1433 1566; x_wconf 92' lang='lat' dir='ltr'>im-</span> 
     </span>
     <span class='ocr_line' id='line_1_12' title="bbox 286 1595 1527 1698; baseline 0.001 -22"><span class='ocrx_word' id='word_1_90' title='bbox 286 1615 414 1696; x_wconf 88' lang='lat' dir='ltr'>petrare</span> <span class='ocrx_word' id='word_1_91' title='bbox 428 1611 528 1696; x_wconf 85' lang='lat' dir='ltr'>potui,</span> <span class='ocrx_word' id='word_1_92' title='bbox 553 1614 589 1676; x_wconf 90' lang='lat' dir='ltr'>nt</span> <span class='ocrx_word' id='word_1_93' title='bbox 604 1610 701 1675; x_wconf 92' lang='lat' dir='ltr'>nullis</span> <span class='ocrx_word' id='word_1_94' title='bbox 723 1610 770 1676; x_wconf 91' lang='lat' dir='ltr'>rei</span> <span class='ocrx_word' id='word_1_95' title='bbox 785 1611 931 1694; x_wconf 90' lang='lat' dir='ltr'>publicae</span> <span class='ocrx_word' id='word_1_96' title='bbox 954 1612 1037 1677; x_wconf 91' lang='lat' dir='ltr'>curis</span> <span class='ocrx_word' id='word_1_97' title='bbox 1060 1613 1234 1677; x_wconf 90' lang='lat' dir='ltr'>distractus</span> <span class='ocrx_word' id='word_1_98' title='bbox 1256 1613 1291 1678; x_wconf 91' lang='lat' dir='ltr'>in</span> <span class='ocrx_word' id='word_1_99' title='bbox 1307 1613 1433 1698; x_wconf 88' lang='lat' dir='ltr'>gravio·</span> <span class='ocrx_word' id='word_1_100' title='bbox 1525 1595 1527 1600; x_wconf 33' lang='lat'><strong>¹</strong></span> 
     </span>
     <span class='ocr_line' id='line_1_13' title="bbox 288 1719 1435 1806; baseline 0.002 -21"><span class='ocrx_word' id='word_1_101' title='bbox 288 1721 376 1786; x_wconf 89' lang='lat' dir='ltr'>ribus</span> <span class='ocrx_word' id='word_1_102' title='bbox 410 1721 523 1786; x_wconf 90' lang='lat' dir='ltr'>studiis</span> <span class='ocrx_word' id='word_1_103' title='bbox 555 1743 607 1786; x_wconf 90' lang='lat' dir='ltr'>me</span> <span class='ocrx_word' id='word_1_104' title='bbox 639 1725 791 1786; x_wconf 88' lang='lat' dir='ltr'>tenerem.</span> <span class='ocrx_word' id='word_1_105' title='bbox 837 1719 948 1805; x_wconf 89' lang='lat' dir='ltr'>Neque</span> <span class='ocrx_word' id='word_1_106' title='bbox 977 1744 1043 1787; x_wconf 93' lang='lat' dir='ltr'>non</span> <span class='ocrx_word' id='word_1_107' title='bbox 1070 1724 1261 1806; x_wconf 88' lang='lat' dir='ltr'>premebant</span> <span class='ocrx_word' id='word_1_108' title='bbox 1292 1723 1435 1787; x_wconf 89' lang='lat' dir='ltr'>animum</span> 
     </span>
     <span class='ocr_line' id='line_1_14' title="bbox 288 1831 1470 1916; baseline 0.001 -20"><span class='ocrx_word' id='word_1_109' title='bbox 288 1854 339 1897; x_wconf 91' lang='lat' dir='ltr'>res</span> <span class='ocrx_word' id='word_1_110' title='bbox 362 1832 521 1898; x_wconf 88' lang='lat' dir='ltr'>adversae.</span> <span class='ocrx_word' id='word_1_111' title='bbox 560 1831 749 1898; x_wconf 79' lang='lat' dir='ltr'>Carissimae</span> <span class='ocrx_word' id='word_1_112' title='bbox 764 1833 882 1916; x_wconf 88' lang='lat' dir='ltr'>uxoris,</span> <span class='ocrx_word' id='word_1_113' title='bbox 905 1832 993 1896; x_wconf 89' lang='lat' dir='ltr'>unici</span> <span class='ocrx_word' id='word_1_114' title='bbox 1014 1833 1072 1897; x_wconf 89' lang='lat' dir='ltr'>filii</span> <span class='ocrx_word' id='word_1_115' title='bbox 1097 1833 1234 1898; x_wconf 87' lang='lat' dir='ltr'>orbitate</span> <span class='ocrx_word' id='word_1_116' title='bbox 1249 1832 1434 1909; x_wconf 84' lang='lat' dir='ltr'>vulneratus</span> <span class='ocrx_word' id='word_1_117' title='bbox 1468 1831 1470 1835; x_wconf 72' lang='grc'><strong>’</strong></span> 
     </span>
     <span class='ocr_line' id='line_1_15' title="bbox 290 1941 1435 2028; baseline 0.001 -22"><span class='ocrx_word' id='word_1_118' title='bbox 290 1943 325 2008; x_wconf 88' lang='lat' dir='ltr'>in</span> <span class='ocrx_word' id='word_1_119' title='bbox 347 1963 467 2028; x_wconf 87' lang='lat' dir='ltr'>genere</span> <span class='ocrx_word' id='word_1_120' title='bbox 488 1941 669 2007; x_wconf 89' lang='lat' dir='ltr'>mortalium</span> <span class='ocrx_word' id='word_1_121' title='bbox 692 1964 743 2006; x_wconf 92' lang='lat' dir='ltr'>me</span> <span class='ocrx_word' id='word_1_122' title='bbox 766 1964 833 2008; x_wconf 90' lang='lat' dir='ltr'>esse</span> <span class='ocrx_word' id='word_1_123' title='bbox 856 1942 952 2027; x_wconf 89' lang='lat' dir='ltr'>sensi,</span> <span class='ocrx_word' id='word_1_124' title='bbox 976 1944 1012 2007; x_wconf 90' lang='lat' dir='ltr'>nt</span> <span class='ocrx_word' id='word_1_125' title='bbox 1033 1965 1127 2028; x_wconf 89' lang='lat' dir='ltr'>quem</span> <span class='ocrx_word' id='word_1_126' title='bbox 1147 1965 1274 2008; x_wconf 89' lang='lat' dir='ltr'>versum</span> <span class='ocrx_word' id='word_1_127' title='bbox 1288 1942 1435 2008; x_wconf 89' lang='lat' dir='ltr'>Homeri-</span> 
     </span>
     <span class='ocr_line' id='line_1_16' title="bbox 290 2053 1434 2138; baseline 0.002 -20"><span class='ocrx_word' id='word_1_128' title='bbox 290 2076 362 2119; x_wconf 87' lang='lat' dir='ltr'>cum</span> <span class='ocrx_word' id='word_1_129' title='bbox 383 2053 558 2138; x_wconf 88' lang='lat' dir='ltr'>imperator</span> <span class='ocrx_word' id='word_1_130' title='bbox 572 2053 738 2138; x_wconf 89' lang='lat' dir='ltr'>Augustus</span> <span class='ocrx_word' id='word_1_131' title='bbox 761 2075 855 2137; x_wconf 88' lang='lat' dir='ltr'>saepe</span> <span class='ocrx_word' id='word_1_132' title='bbox 871 2053 1066 2118; x_wconf 85' lang='lat' dir='ltr'>exclamasse</span> <span class='ocrx_word' id='word_1_133' title='bbox 1081 2053 1199 2118; x_wconf 87' lang='lat' dir='ltr'>dicitur</span> <span class='ocrx_word' id='word_1_134' title='bbox 1220 2055 1287 2120; x_wconf 71' lang='lat' dir='ltr'>ale’</span> <span class='ocrx_word' id='word_1_135' title='bbox 1309 2053 1434 2136; x_wconf 81' lang='grc' dir='ltr'>ὄφελον</span> 
     </span>
     <span class='ocr_line' id='line_1_17' title="bbox 290 2159 1434 2246; baseline -0.003 -14"><span class='ocrx_word' id='word_1_136' title='bbox 290 2165 413 2244; x_wconf 85' lang='grc' dir='ltr'>ἄγονός</span> <span class='ocrx_word' id='word_1_137' title='bbox 435 2165 463 2231; x_wconf 77' lang='grc' dir='ltr'>τ’</span> <span class='ocrx_word' id='word_1_138' title='bbox 484 2165 593 2246; x_wconf 84' lang='grc' dir='ltr'>ἔμεναι</span> <span class='ocrx_word' id='word_1_139' title='bbox 614 2164 736 2245; x_wconf 68' lang='grc' dir='ltr'>ἄγαμός</span> <span class='ocrx_word' id='word_1_140' title='bbox 750 2165 778 2230; x_wconf 84' lang='grc' dir='ltr'>τ’</span> <span class='ocrx_word' id='word_1_141' title='bbox 793 2163 966 2231; x_wconf 79' lang='grc' dir='ltr'>ἀπολέεθαι</span> <span class='ocrx_word' id='word_1_142' title='bbox 990 2164 1126 2228; x_wconf 91' lang='lat' dir='ltr'>eundem</span> <span class='ocrx_word' id='word_1_143' title='bbox 1149 2159 1334 2229; x_wconf 83' lang='lat' dir='ltr'>calamitoso</span> <span class='ocrx_word' id='word_1_144' title='bbox 1356 2163 1434 2228; x_wconf 91' lang='lat' dir='ltr'>mihi</span> 
     </span>
    </p>
   </div>
   <div class='ocr_carea' id='block_1_3' title="bbox 290 2271 1563 2358">
    <p class='ocr_par' dir='ltr' id='par_1_3' title="bbox 290 2271 1563 2358">
     <span class='ocr_line' id='line_1_18' title="bbox 290 2271 1563 2358; baseline -0.001 -19"><span class='ocrx_word' id='word_1_145' title='bbox 290 2275 469 2339; x_wconf 88' lang='lat' dir='ltr'>recitarem.</span> <span class='ocrx_word' id='word_1_146' title='bbox 514 2274 667 2356; x_wconf 81' lang='lat' dir='ltr'>Acceptis</span> <span class='ocrx_word' id='word_1_147' title='bbox 695 2277 802 2338; x_wconf 89' lang='lat' dir='ltr'>autem</span> <span class='ocrx_word' id='word_1_148' title='bbox 828 2277 897 2338; x_wconf 89' lang='lat' dir='ltr'>tam</span> <span class='ocrx_word' id='word_1_149' title='bbox 924 2273 1075 2358; x_wconf 87' lang='lat' dir='ltr'>gravibus</span> <span class='ocrx_word' id='word_1_150' title='bbox 1102 2274 1287 2339; x_wconf 87' lang='lat' dir='ltr'>vulneribus</span> <span class='ocrx_word' id='word_1_151' title='bbox 1320 2273 1435 2338; x_wconf 89' lang='lat' dir='ltr'>solatio</span> <span class='ocrx_word' id='word_1_152' title='bbox 1555 2271 1563 2282; x_wconf 83' lang='grc'><strong>’</strong></span> 
     </span>
    </p>
   </div>
   <div class='ocr_carea' id='block_1_4' title="bbox 290 2383 1512 3576">
    <p class='ocr_par' dir='ltr' id='par_1_4' title="bbox 290 2383 1512 3576">
     <span class='ocr_line' id='line_1_19' title="bbox 290 2383 1434 2470; baseline -0.002 -20"><span class='ocrx_word' id='word_1_153' title='bbox 290 2385 439 2470; x_wconf 89' lang='lat' dir='ltr'>indigens</span> <span class='ocrx_word' id='word_1_154' title='bbox 465 2385 582 2449; x_wconf 92' lang='lat' dir='ltr'>iterum</span> <span class='ocrx_word' id='word_1_155' title='bbox 611 2385 651 2448; x_wconf 89' lang='lat' dir='ltr'>ad</span> <span class='ocrx_word' id='word_1_156' title='bbox 678 2384 783 2448; x_wconf 92' lang='lat' dir='ltr'>studia</span> <span class='ocrx_word' id='word_1_157' title='bbox 812 2383 955 2468; x_wconf 84' lang='lat' dir='ltr'>confugi,</span> <span class='ocrx_word' id='word_1_158' title='bbox 984 2387 1020 2448; x_wconf 91' lang='lat' dir='ltr'>ut</span> <span class='ocrx_word' id='word_1_159' title='bbox 1042 2383 1245 2468; x_wconf 88' lang='lat' dir='ltr'>opusculum,</span> <span class='ocrx_word' id='word_1_160' title='bbox 1269 2383 1353 2468; x_wconf 92' lang='lat' dir='ltr'>quod</span> <span class='ocrx_word' id='word_1_161' title='bbox 1376 2384 1434 2448; x_wconf 92' lang='lat' dir='ltr'>sub</span> 
     </span>
     <span class='ocr_line' id='line_1_20' title="bbox 291 2494 1435 2580; baseline -0.002 -20"><span class='ocrx_word' id='word_1_162' title='bbox 291 2496 440 2560; x_wconf 90' lang='lat' dir='ltr'>manibus</span> <span class='ocrx_word' id='word_1_163' title='bbox 463 2498 547 2578; x_wconf 90' lang='lat' dir='ltr'>erat,</span> <span class='ocrx_word' id='word_1_164' title='bbox 578 2495 618 2558; x_wconf 89' lang='lat' dir='ltr'>ad</span> <span class='ocrx_word' id='word_1_165' title='bbox 640 2497 708 2558; x_wconf 88' lang='lat' dir='ltr'>mat</span> <span class='ocrx_word' id='word_1_166' title='bbox 730 2494 861 2559; x_wconf 87' lang='lat' dir='ltr'>ritatem</span> <span class='ocrx_word' id='word_1_167' title='bbox 882 2494 1070 2577; x_wconf 89' lang='lat' dir='ltr'>perductum</span> <span class='ocrx_word' id='word_1_168' title='bbox 1092 2494 1223 2579; x_wconf 83' lang='lat' dir='ltr'>Tuoque</span> <span class='ocrx_word' id='word_1_169' title='bbox 1243 2495 1435 2580; x_wconf 86' lang='lat' dir='ltr'>insignitum</span> 
     </span>
     <span class='ocr_line' id='line_1_21' title="bbox 291 2581 1435 2672; baseline -0.002 -2"><span class='ocrx_word' id='word_1_170' title='bbox 291 2607 422 2672; x_wconf 91' lang='lat' dir='ltr'>nomine</span> <span class='ocrx_word' id='word_1_171' title='bbox 444 2605 518 2670; x_wconf 82' lang='lat' dir='ltr'>Tibi</span> <span class='ocrx_word' id='word_1_172' title='bbox 544 2605 715 2670; x_wconf 90' lang='lat' dir='ltr'>mitterem.</span> <span class='ocrx_word' id='word_1_173' title='bbox 753 2581 821 2669; x_wconf 80' lang='lat' dir='ltr'>&#39;Est</span> <span class='ocrx_word' id='word_1_174' title='bbox 854 2607 960 2669; x_wconf 88' lang='lat' dir='ltr'>autern</span> <span class='ocrx_word' id='word_1_175' title='bbox 993 2603 1073 2668; x_wconf 89' lang='lat' dir='ltr'>illud</span> <span class='ocrx_word' id='word_1_176' title='bbox 1108 2605 1147 2669; x_wconf 92' lang='lat' dir='ltr'>de</span> <span class='ocrx_word' id='word_1_177' title='bbox 1179 2605 1435 2672; x_wconf 86' lang='lat' dir='ltr'>Ptolemaeorum</span> 
     </span>
     <span class='ocr_line' id='line_1_22' title="bbox 291 2712 1436 2801; baseline -0.003 -20"><span class='ocrx_word' id='word_1_178' title='bbox 291 2716 405 2781; x_wconf 91' lang='lat' dir='ltr'>studiis</span> <span class='ocrx_word' id='word_1_179' title='bbox 427 2715 623 2801; x_wconf 86' lang='lat' dir='ltr'>Homericis,</span> <span class='ocrx_word' id='word_1_180' title='bbox 651 2715 735 2800; x_wconf 89' lang='lat' dir='ltr'>quod</span> <span class='ocrx_word' id='word_1_181' title='bbox 761 2715 808 2778; x_wconf 90' lang='lat' dir='ltr'>ita</span> <span class='ocrx_word' id='word_1_182' title='bbox 830 2715 969 2799; x_wconf 89' lang='lat' dir='ltr'>confeci,</span> <span class='ocrx_word' id='word_1_183' title='bbox 999 2718 1036 2779; x_wconf 90' lang='lat' dir='ltr'>ut</span> <span class='ocrx_word' id='word_1_184' title='bbox 1056 2715 1168 2780; x_wconf 90' lang='lat' dir='ltr'>limam</span> <span class='ocrx_word' id='word_1_185' title='bbox 1190 2716 1306 2781; x_wconf 90' lang='lat' dir='ltr'>addere</span> <span class='ocrx_word' id='word_1_186' title='bbox 1328 2712 1436 2799; x_wconf 88' lang='lat' dir='ltr'>snper·</span> 
     </span>
     <span class='ocr_line' id='line_1_23' title="bbox 292 2825 1436 2911; baseline -0.003 -19"><span class='ocrx_word' id='word_1_187' title='bbox 292 2830 386 2893; x_wconf 88' lang='lat' dir='ltr'>esset.</span> <span class='ocrx_word' id='word_1_188' title='bbox 432 2826 562 2892; x_wconf 89' lang='lat' dir='ltr'>Interea</span> <span class='ocrx_word' id='word_1_189' title='bbox 597 2847 669 2890; x_wconf 86' lang='lat' dir='ltr'>cnm</span> <span class='ocrx_word' id='word_1_190' title='bbox 700 2825 775 2890; x_wconf 90' lang='lat' dir='ltr'>ordo</span> <span class='ocrx_word' id='word_1_191' title='bbox 803 2829 964 2910; x_wconf 89' lang='lat' dir='ltr'>posceret,</span> <span class='ocrx_word' id='word_1_192' title='bbox 999 2828 1035 2889; x_wconf 89' lang='lat' dir='ltr'>ut</span> <span class='ocrx_word' id='word_1_193' title='bbox 1067 2827 1103 2890; x_wconf 93' lang='lat' dir='ltr'>in</span> <span class='ocrx_word' id='word_1_194' title='bbox 1130 2825 1299 2911; x_wconf 86' lang='lat' dir='ltr'>gymnasio</span> <span class='ocrx_word' id='word_1_195' title='bbox 1326 2828 1436 2890; x_wconf 88' lang='lat' dir='ltr'>nostro</span> 
     </span>
     <span class='ocr_line' id='line_1_24' title="bbox 293 2934 1435 3022; baseline -0.002 -20"><span class='ocrx_word' id='word_1_196' title='bbox 293 2937 480 3022; x_wconf 86' lang='lat' dir='ltr'>disputandi</span> <span class='ocrx_word' id='word_1_197' title='bbox 494 2958 610 3002; x_wconf 88' lang='lat' dir='ltr'>munus</span> <span class='ocrx_word' id='word_1_198' title='bbox 627 2936 758 3020; x_wconf 87' lang='lat' dir='ltr'>obirem,</span> <span class='ocrx_word' id='word_1_199' title='bbox 781 2935 1021 3001; x_wconf 83' lang='lat' dir='ltr'>emendationes</span> <span class='ocrx_word' id='word_1_200' title='bbox 1037 2935 1077 2999; x_wconf 89' lang='lat' dir='ltr'>ad</span> <span class='ocrx_word' id='word_1_201' title='bbox 1093 2934 1255 3002; x_wconf 79' lang='lat' dir='ltr'>Ciceronis</span> <span class='ocrx_word' id='word_1_202' title='bbox 1270 2935 1435 3020; x_wconf 88' lang='lat' dir='ltr'>epistulas,</span> 
     </span>
     <span class='ocr_line' id='line_1_25' title="bbox 294 3045 1436 3131; baseline -0.002 -19"><span class='ocrx_word' id='word_1_203' title='bbox 294 3049 349 3112; x_wconf 89' lang='lat' dir='ltr'>diu</span> <span class='ocrx_word' id='word_1_204' title='bbox 370 3047 405 3112; x_wconf 92' lang='lat' dir='ltr'>in</span> <span class='ocrx_word' id='word_1_205' title='bbox 428 3048 555 3112; x_wconf 89' lang='lat' dir='ltr'>scriniis</span> <span class='ocrx_word' id='word_1_206' title='bbox 578 3049 730 3131; x_wconf 88' lang='lat' dir='ltr'>servatas,</span> <span class='ocrx_word' id='word_1_207' title='bbox 753 3046 889 3131; x_wconf 91' lang='lat' dir='ltr'>protuli,</span> <span class='ocrx_word' id='word_1_208' title='bbox 920 3067 1036 3131; x_wconf 90' lang='lat' dir='ltr'>easque</span> <span class='ocrx_word' id='word_1_209' title='bbox 1058 3045 1123 3109; x_wconf 91' lang='lat' dir='ltr'>iam</span> <span class='ocrx_word' id='word_1_210' title='bbox 1145 3046 1246 3112; x_wconf 88' lang='lat' dir='ltr'>altera</span> <span class='ocrx_word' id='word_1_211' title='bbox 1268 3049 1360 3131; x_wconf 91' lang='lat' dir='ltr'>parte</span> <span class='ocrx_word' id='word_1_212' title='bbox 1383 3068 1436 3110; x_wconf 90' lang='lat' dir='ltr'>au-</span> 
     </span>
     <span class='ocr_line' id='line_1_26' title="bbox 294 3157 1512 3242; baseline -0.003 -18"><span class='ocrx_word' id='word_1_213' title='bbox 294 3162 373 3242; x_wconf 87' lang='lat' dir='ltr'>ctas,</span> <span class='ocrx_word' id='word_1_214' title='bbox 396 3161 432 3223; x_wconf 92' lang='lat' dir='ltr'>ut</span> <span class='ocrx_word' id='word_1_215' title='bbox 452 3179 625 3224; x_wconf 89' lang='lat' dir='ltr'>memorem</span> <span class='ocrx_word' id='word_1_216' title='bbox 646 3158 874 3224; x_wconf 88' lang='lat' dir='ltr'>beneficiorum</span> <span class='ocrx_word' id='word_1_217' title='bbox 896 3157 1040 3222; x_wconf 89' lang='lat' dir='ltr'>animum</span> <span class='ocrx_word' id='word_1_218' title='bbox 1060 3159 1214 3242; x_wconf 88' lang='lat' dir='ltr'>testarer,</span> <span class='ocrx_word' id='word_1_219' title='bbox 1237 3157 1312 3222; x_wconf 85' lang='lat' dir='ltr'>Tibi</span> <span class='ocrx_word' id='word_1_220' title='bbox 1333 3160 1436 3221; x_wconf 88' lang='lat' dir='ltr'>trans·</span> <span class='ocrx_word' id='word_1_221' title='bbox 1505 3158 1512 3173; x_wconf 79' lang='lat'><em>⁰</em></span> 
     </span>
     <span class='ocr_line' id='line_1_27' title="bbox 293 3267 1438 3354; baseline -0.003 -20"><span class='ocrx_word' id='word_1_222' title='bbox 293 3269 467 3334; x_wconf 87' lang='lat' dir='ltr'>mittendas</span> <span class='ocrx_word' id='word_1_223' title='bbox 491 3269 607 3334; x_wconf 83' lang='lat' dir='ltr'>curavi.</span> <span class='ocrx_word' id='word_1_224' title='bbox 645 3267 709 3334; x_wconf 90' lang='lat' dir='ltr'>Hic</span> <span class='ocrx_word' id='word_1_225' title='bbox 730 3269 830 3354; x_wconf 87' lang='lat' dir='ltr'>igitur</span> <span class='ocrx_word' id='word_1_226' title='bbox 851 3267 978 3332; x_wconf 89' lang='lat' dir='ltr'>libellus</span> <span class='ocrx_word' id='word_1_227' title='bbox 1000 3271 1038 3333; x_wconf 90' lang='lat' dir='ltr'>ut</span> <span class='ocrx_word' id='word_1_228' title='bbox 1053 3267 1220 3352; x_wconf 85' lang='lat' dir='ltr'>parvulum</span> <span class='ocrx_word' id='word_1_229' title='bbox 1236 3268 1322 3354; x_wconf 91' lang='lat' dir='ltr'>grati</span> <span class='ocrx_word' id='word_1_230' title='bbox 1338 3267 1438 3331; x_wconf 88' lang='lat' dir='ltr'>animi</span> 
     </span>
     <span class='ocr_line' id='line_1_28' title="bbox 293 3377 1438 3466; baseline -0.002 -22"><span class='ocrx_word' id='word_1_231' title='bbox 293 3380 413 3466; x_wconf 88' lang='lat' dir='ltr'>pignus</span> <span class='ocrx_word' id='word_1_232' title='bbox 436 3380 492 3444; x_wconf 89' lang='lat' dir='ltr'>abs</span> <span class='ocrx_word' id='word_1_233' title='bbox 515 3380 561 3445; x_wconf 82' lang='lat' dir='ltr'>Te</span> <span class='ocrx_word' id='word_1_234' title='bbox 583 3379 760 3465; x_wconf 89' lang='lat' dir='ltr'>accipiatur</span> <span class='ocrx_word' id='word_1_235' title='bbox 787 3379 834 3443; x_wconf 90' lang='lat' dir='ltr'>uti</span> <span class='ocrx_word' id='word_1_236' title='bbox 858 3400 913 3443; x_wconf 91' lang='lat' dir='ltr'>oro</span> <span class='ocrx_word' id='word_1_237' title='bbox 940 3399 1097 3463; x_wconf 88' lang='lat' dir='ltr'>rogoque,</span> <span class='ocrx_word' id='word_1_238' title='bbox 1126 3377 1173 3441; x_wconf 90' lang='lat' dir='ltr'>ita</span> <span class='ocrx_word' id='word_1_239' title='bbox 1199 3381 1236 3442; x_wconf 90' lang='lat' dir='ltr'>nt</span> <span class='ocrx_word' id='word_1_240' title='bbox 1263 3377 1348 3442; x_wconf 90' lang='lat' dir='ltr'>idem</span> <span class='ocrx_word' id='word_1_241' title='bbox 1369 3377 1438 3442; x_wconf 85' lang='lat' dir='ltr'>Tua</span> 
     </span>
     <span class='ocr_line' id='line_1_29' title="bbox 295 3486 1437 3576; baseline -0.002 -22"><span class='ocrx_word' id='word_1_242' title='bbox 295 3490 464 3575; x_wconf 89' lang='lat' dir='ltr'>disciplina</span> <span class='ocrx_word' id='word_1_243' title='bbox 491 3490 607 3576; x_wconf 88' lang='lat' dir='ltr'>dignus</span> <span class='ocrx_word' id='word_1_244' title='bbox 635 3490 766 3574; x_wconf 82' lang='lat' dir='ltr'>Tuaque</span> <span class='ocrx_word' id='word_1_245' title='bbox 802 3488 949 3554; x_wconf 91' lang='lat' dir='ltr'>doctrina</span> <span class='ocrx_word' id='word_1_246' title='bbox 981 3486 1144 3572; x_wconf 90' lang='lat' dir='ltr'>profectus</span> <span class='ocrx_word' id='word_1_247' title='bbox 1171 3487 1319 3553; x_wconf 86' lang='lat' dir='ltr'>videatur</span> <span class='ocrx_word' id='word_1_248' title='bbox 1345 3487 1437 3554; x_wconf 89' lang='lat' dir='ltr'>vehe-</span> 
     </span>
    </p>
   </div>
   <div class='ocr_carea' id='block_1_5' title="bbox 296 3600 1436 3796">
    <p class='ocr_par' dir='ltr' id='par_1_5' title="bbox 296 3600 1436 3796">
     <span class='ocr_line' id='line_1_30' title="bbox 296 3600 705 3686; baseline 0 -20"><span class='ocrx_word' id='word_1_249' title='bbox 296 3604 422 3666; x_wconf 90' lang='lat' dir='ltr'>menter</span> <span class='ocrx_word' id='word_1_250' title='bbox 444 3605 569 3686; x_wconf 87' lang='lat' dir='ltr'>exopt0.</span> <span class='ocrx_word' id='word_1_251' title='bbox 613 3600 705 3666; x_wconf 87' lang='lat' dir='ltr'>Vale.</span> 
     </span>
     <span class='ocr_line' id='line_1_31' title="bbox 381 3707 1436 3796; baseline -0.002 -21"><span class='ocrx_word' id='word_1_252' title='bbox 381 3711 510 3776; x_wconf 87' lang='lat' dir='ltr'>Dabam</span> <span class='ocrx_word' id='word_1_253' title='bbox 533 3711 686 3778; x_wconf 69' lang='lat' dir='ltr'>Coloniae</span> <span class='ocrx_word' id='word_1_254' title='bbox 701 3710 901 3796; x_wconf 83' lang='lat' dir='ltr'>Agrippinae</span> <span class='ocrx_word' id='word_1_255' title='bbox 917 3709 1022 3775; x_wconf 89' lang='lat' dir='ltr'>XXII.</span> <span class='ocrx_word' id='word_1_256' title='bbox 1044 3709 1126 3776; x_wconf 89' lang='lat' dir='ltr'>Nov.</span> <span class='ocrx_word' id='word_1_257' title='bbox 1142 3707 1436 3777; x_wconf 76' lang='lat' dir='ltr'>MDOOOLXVIII.</span> 
     </span>
    </p>
   </div>
   <div class='ocr_carea' id='block_1_6' title="bbox 0 0 1682 5158">
    <p class='ocr_par' dir='ltr' id='par_1_6' title="bbox 0 0 1682 5158">
     <span class='ocr_line' id='line_1_32' title="bbox 0 0 1682 5158; baseline 0 0"><span class='ocrx_word' id='word_1_258' title='bbox 0 0 1682 5158; x_wconf 95' lang='lat' dir='ltr'> </span> 
     </span>
    </p>
   </div>
  </div>
 </body>
</html>
