3334 5158
560 354 899 420 ..-35-

217 525 481 611 intelligeremus,
510 525 594 610 quod
616 524 709 610 quale
731 523 774 588 sit
795 526 831 588 ut
852 523 991 589 feliciter
1014 544 1161 588 eruamus
1182 524 1361 610 proximam

75 671 81 690 ι
216 635 315 701 oculis
337 635 567 720 perlustremus
589 635 759 721 epistulam
779 635 820 699 ad
835 634 971 699 eundem
986 633 1180 700 Trebonium
1196 635 1359 720 scriptam.

159 741 182 788 l'
215 746 328 831 Neque
350 746 436 811 enim
458 767 530 811 raro
552 747 603 830 fit,
631 749 668 810 ut
683 745 792 812 Cicero
813 745 849 810 in
873 743 990 810 litteris
1013 744 1063 809 vel
1085 744 1196 810 eodem
1217 749 1360 831 tempore

215 857 265 922 vel
288 857 329 924 ad
351 857 486 922 eundem
508 856 670 922 hominem
691 856 819 940 scriptis
848 855 1044 920 sententiam
1066 854 1207 940 aliquam
1236 856 1284 921 ita
1311 879 1368 930 re·,

215 970 348 1052 peteret,
370 969 494 1032 utnon
517 967 588 1032 dico
609 988 702 1033 voces
725 967 816 1052 quasi
839 965 994 1030 exhausto
1015 965 1126 1050 copiae
1140 965 1360 1052 ubertatisque

215 1077 306 1142 fonte
328 1077 477 1161 iteraret,
508 1078 563 1142 sed
590 1081 627 1142 ut
648 1077 783 1143 eandem
805 1076 1079 1162 comparationem
1101 1075 1280 1161 adhiberet,
1310 1077 1360 1142 vel

215 1188 326 1252 eadem
340 1190 485 1252 uteretur
505 1188 727 1272 translatione,
749 1190 787 1252 ut
809 1187 873 1251 alia
895 1187 992 1252 verba
1014 1185 1086 1250 aliis
1108 1185 1257 1251 nonnihil
1278 1187 1359 1253 lucis

108 1337 111 1340 -
215 1297 327 1364 afferre
348 1297 483 1382 possint.
529 1298 588 1362 Ait
609 1298 711 1384 igitur
732 1296 803 1362 XV.
828 1319 878 1382 ep.
901 1298 958 1362 21:
993 1295 1056 1362 ‘Et
1077 1295 1248 1381 epistulam
1269 1300 1358 1363 tuam

214 1408 279 1494 legi
300 1407 438 1473 libenter
460 1411 493 1472 ct
513 1407 632 1474 librum
653 1407 880 1492 libentissime,
910 1407 965 1474 sed
995 1409 1106 1472 tamen
1132 1409 1168 1473 in
1190 1429 1228 1472 ea
1249 1407 1358 1493 volup-

214 1518 390 1585 tatehunc
413 1519 522 1603 accepi
544 1519 699 1603 dolorem,
727 1507 810 1603 quod
839 1539 910 1583 cum
931 1518 1128 1584 incendisses
1152 1517 1359 1603 cupiditatem

215 1652 320 1695 meam
354 1629 594 1694 consuetudinis
628 1629 794 1715 augendae
826 1631 954 1693 nostrae
975 1665 1019 1677 -
1040 1651 1117 1693 nam
1150 1629 1191 1694 ad
1221 1651 1361 1694 amorem

214 1739 342 1826 quidem
356 1739 439 1805 nihil
453 1743 582 1824 poterat
597 1740 746 1805 accedere
762 1778 814 1823 -,
838 1742 906 1803 tum
929 1739 1065 1804 discedis
1089 1762 1108 1804 a
1129 1721 1222 1804 nobis
1244 1761 1357 1824 meque

215 1853 307 1915 tanto
329 1850 485 1916 desiderio
501 1849 615 1935 afficis,
639 1853 676 1942 ut
697 1872 794 1914 unam
809 1849 888 1914 mihi
911 1839 1163 1915 consolationem
1183 1850 1357 1935 relinquas,

212 1960 281 2024 fore
296 1963 334 2026 ut
347 1961 513 2046 utriusque
528 1964 674 2026 nostrum
696 1959 839 2025 absentis
860 1959 1051 2026 desiderium
1068 1961 1187 2036 crebris
1203 1964 1235 2026 et
1249 1962 1357 2046 longis

213 2070 356 2155 epistolis
377 2071 541 2136 leniatur?
571 2070 678 2136 Viden
693 2069 882 2136 Ciceronem
902 2070 938 2135 in
959 2071 1082 2136 duabus
1100 2071 1222 2150 litteris
1245 2072 1357 2136 eadem

212 2181 260 2246 uti
281 2181 399 2267 figrua:
422 2180 601 2266 igniculum
623 2181 782 2266 desiderii,
806 2181 978 2246 incendere
1002 2181 1236 2266 cupiditatem?
1269 2179 1357 2246 Num

211 2291 312 2376 igitur
317 2340 326 2375 ,
354 2293 391 2355 ut
411 2290 508 2376 plena
529 2291 588 2356 fiat
609 2291 779 2356 translatio
800 2313 859 2376 pro
881 2293 956 2358 olim
977 2292 1063 2356 aliud
1086 2292 1283 2357 desideratur
1304 2315 1356 2357 vo-

213 2401 360 2466 cabulum
388 2423 484 2486 quam
514 2401 598 2468 elci?
634 2401 804 2487 Numquid
832 2401 920 2466 aliud
947 2402 1078 2487 scripsit
1105 2403 1216 2470 Cicero
1244 2425 1355 2488 quam:

212 2512 271 2595 Tu,
294 2512 339 2576 mi
360 2511 513 2597 Treboni,
542 2512 695 2598 quoniam
717 2513 757 2578 ad
781 2535 920 2578 amorem
942 2535 1048 2578 meum
1071 2513 1271 2598 aliquantum
1293 2513 1355 2578 olei

212 2622 378 2687 discedens
400 2623 563 2707 addidisti,
593 2644 654 2707 quo
681 2623 880 2722 tolerabilius
898 2624 1048 2688 feramus
1076 2623 1252 2709 igniculum
1275 2624 1355 2688 desi-

212 2731 292 2797 derii
314 2732 372 2816 tui,
396 2733 514 2798 crebris
536 2754 595 2798 nos
617 2733 735 2798 litteris
758 2733 942 2818 appellato’
963 2733 1030 2797 -‘?
1104 2796 1109 2808 ,

295 2842 398 2907 Maior
421 2843 601 2927 corruptela
623 2843 821 2908 emendanda
843 2844 937 2908 nobis
951 2844 1064 2909 relicta
1080 2831 1129 2909 est
1145 2841 1234 2909 XVI.
1247 2845 1276 2909 3.
1291 2865 1353 2928 ep,

210 2954 266 3018 ubi
281 2953 392 3018 Tironi
407 2975 463 3019 suo
478 2953 670 3019 valetudinis
687 2976 796 3020 curam
812 2954 901 3020 hisce
917 2955 1133 3020 commendat:
1157 2955 1224 3019 ‘Tu
1246 2955 1273 3019 si
1295 2975 1354 3019 nos

211 3085 321 3130 ornnes
343 3086 432 3128 amas
455 3068 488 3129 et
508 3065 678 3154 praecipue
700 3087 766 3149 me,
789 3066 980 3150 magistrum
1001 3069 1107 3149 tuum,
1132 3065 1285 3130 confirma
1307 3067 1352 3130 te.

209 3175 281 3260 llgo
298 3172 388 3239 valde
404 3195 558 3259 suspenso
573 3175 679 3240 animo
700 3178 859 3260 exspecto,
882 3176 1021 3261 primum
1036 3179 1069 3240 te
1083 3175 1216 3261 scilicet,
1240 3175 1353 3240 deinde

209 3285 387 3349 Marionem
410 3307 482 3350 cum
503 3285 567 3350 tuis
589 3284 715 3350 litteris.
761 3287 880 3351 Omnes
903 3287 1064 3372 cupimus,
1091 3308 1151 3372 ego
1172 3286 1208 3350 in
1228 3285 1351 3371 primis,

210 3418 305 3481 quarn
326 3397 465 3480 primum
486 3399 519 3460 tc
542 3396 663 3480 videre,
685 3396 750 3476 sed,
775 3397 819 3460 mi
830 3397 915 3481 linc,
939 3397 1109 3462 valentem.
1143 3395 1246 3473 Quare
1268 3396 1352 3461 nihil

209 3505 404 3591 properaris:
426 3507 504 3571 satis
519 3509 540 3587 ἰ
555 3507 696 3592 quotidie
716 3507 834 3592 videro,
850 3508 877 3572 si
892 3508 1036 3572 valebis’
1067 3507 1169 3572 Locus
1184 3511 1352 3593 suspectus¹
1375 3591 1381 3600 Ι

208 3617 271 3682 fuit
297 3615 464 3700 Ernestio,
493 3617 547 3702 qui
575 3620 654 3683 sutis
681 3621 739 3683 cito
766 3619 925 3685 tesidere
952 3621 981 3684 vsi
1008 3619 1125 3685 sabbis
1154 3618 1291 3685 correxit
1319 3622 1352 3683 et

207 3727 368 3812 persuasit
390 3724 534 3811 Baitero,
562 3747 628 3792 non
649 3729 727 3793 item
749 3728 885 3814 Orellio,
909 3729 963 3814 qui
986 3729 1137 3795 coniecit:
1168 3732 1261 3810 sutis,
1290 3752 1350 3813 quo

209 3843 236 3904 te
258 3839 308 3903 dic
321 3839 435 3917 uidae,
458 3839 488 3902 sc'
501 3839 625 3905 valebis.
657 3837 797 3916 Quorum
812 3839 947 3904 alterum
962 3839 1058 3904 nimis
1073 3839 1169 3926 longe
1185 3839 1350 3904 deflexisse

209 3971 227 4011 a
249 3947 393 4013 codicum
414 3948 567 4012 memoria
589 3948 721 4036 dixeris,
750 3950 885 4016 alterum
913 3951 1071 4016 duriorem
1099 3951 1240 4016 effecisse
1263 3951 1349 4016 Cice-

208 4059 295 4123 ronis
318 4079 507 4136 sermonem.
553 4059 741 4146 Corrigendi
769 4061 853 4126 viam
876 4062 1096 4126 demonstrant
1117 4084 1169 4145 ca,
1199 4083 1280 4146 quae
1301 4061 1349 4126 in-

208 4169 353 4254 sequenti
375 4169 513 4254 epistula
535 4171 575 4234 ad
598 4171 732 4236 cundem
754 4171 904 4236 Tironem
927 4171 1233 4258 sc1‘iptslcguntur:
1262 4173 1349 4240 Satis

207 4286 378 4347 amatore
406 4283 525 4362 viduo,
555 4283 583 4348 δι’
607 4283 703 4366 plane
730 4286 951 4368 confirmatum
976 4284 1090 4349 videro.
1135 4282 1247 4368 ltaque
1275 4307 1348 4350 con-

207 4391 361 4458 iecturam
387 4414 454 4458 non
481 4392 632 4460 fefellisse
659 4415 710 4458 me
737 4396 816 4479 puto
838 4392 1001 4460 Ciceronis
1029 4393 1126 4459 verba
1153 4395 1199 4459 ite
1220 4395 1347 4461 restitu-

1109 4515 1145 4570 30
