3334 5158
685 381 899 450 ...37...

218 559 258 622 ad
274 555 461 622 Ciceronem
477 577 515 621 ex
531 555 611 620 Asia
626 555 759 639 dederit,
783 553 963 618 accuratius
985 551 1175 637 inquirendo
1197 572 1359 635 conemur,

217 671 264 752 ut,
290 667 442 733 convulsa
463 689 544 752 quae
565 667 660 735 hodie
682 666 749 732 fere
771 668 861 732 tenet
883 642 1042 749 opinione,
1065 685 1157 728 suum
1173 661 1237 726 illis
1253 664 1360 726 aucto-

218 800 285 844 rem
307 780 358 845 vel
380 779 498 861 rectius
520 779 570 846 vel
593 777 710 848 certius
734 777 944 868 assignemus.

483 977 519 1043 Ο.
544 975 672 1042 Cassius
694 975 731 1052 Q:
755 973 787 1040 S.
810 972 851 1039 D.
874 974 920 1039 M.
944 974 1099 1041 Ciceroni.

305 1117 333 1180 1.
363 1113 395 1180 S.
419 1113 460 1179 V.
484 1113 524 1198 B.
546 1111 586 1178 Ε.
609 1111 649 1178 V.
681 1111 761 1177 Oum
789 1111 835 1176 rei
858 1110 1005 1197 publicae
1027 1111 1078 1176 vel
1100 1110 1203 1176 salute
1225 1109 1275 1176 vel
1297 1110 1360 1174 vic-

137 1203 142 1214 ·
218 1226 301 1292 toria
316 1225 501 1310 gaudemus,
525 1226 595 1287 tum
609 1222 841 1289 instauratione
857 1224 985 1290 tuarum
998 1212 1139 1306 laudum,
1164 1221 1247 1306 quod
1262 1220 1361 1286 maxi-

218 1357 289 1402 mus
306 1335 481 1400 consularis
498 1335 672 1404 maximum
694 1333 856 1399 consulem
877 1334 910 1398 te
931 1333 1000 1418 ipse
1015 1331 1131 1414 vicisti,
1156 1335 1189 1397 ct
1202 1331 1362 1396 laetamur

219 1449 253 1512 et
272 1446 382 1510 mirari
410 1445 489 1510 satis
516 1466 582 1510 non
609 1464 787 1531 possumus.
832 1442 943 1510 Fatale
970 1443 1079 1509 nescio
1107 1442 1183 1528 quid
1204 1445 1278 1508 tuac
1299 1441 1361 1506 vir-

218 1557 281 1622 tuti
303 1556 424 1642 datum,
448 1555 479 1620 id
502 1557 587 1640 quod
608 1577 704 1641 saepe
726 1555 791 1620 iam
813 1556 935 1640 experti
959 1575 1077 1619 sumus.
1114 1553 1175 1618 Est
1197 1553 1283 1618 enim
1304 1555 1361 1617 tua

219 1671 296 1754 toga
318 1667 460 1732 omnium
483 1666 579 1732 armis
600 1665 741 1751 felicium
769 1687 851 1752 quae
878 1687 967 1730 nunc
993 1687 1116 1752 quoque
1143 1664 1237 1731 uobis
1258 1686 1361 1750 paene

219 1779 338 1845 victam
360 1801 427 1844 rem
449 1777 612 1862 publicam
634 1799 673 1841 ex
694 1777 842 1870 manibus
864 1775 1004 1842 hostium
1026 1775 1145 1861 eripuit
1159 1797 1198 1842 ac
1211 1775 1359 1840 reddidit.

218 1889 315 1957 Nunc
336 1909 414 1974 ergo
436 1888 578 1953 vivemus
599 1887 706 1960 liberi;
730 1910 818 1952 nunc
838 1890 882 1971 te,
905 1887 1047 1954 omnium
1068 1887 1207 1952 maxime
1228 1887 1307 1952 civis
1329 1889 1363 1951 et

218 1999 298 2066 mihi
314 1999 475 2065 carissime
489 2037 531 2047 -
545 2000 580 2064 id
601 1998 685 2083 quod
706 1998 854 2063 maximis
875 1998 922 2063 rei
943 1998 1092 2085 publicae
1111 1997 1255 2064 tenebris
1278 2018 1361 2062 com-

218 2110 330 2196 peristi
353 2127 410 2194 —·,
445 2129 531 2174 nunc
557 2111 591 2174 te
617 2109 807 2174 habebimus
834 2111 951 2175 testem
977 2111 1080 2174 nostri
1108 2113 1140 2174 et
1161 2109 1196 2176 in
1217 2111 1250 2175 te
1272 2109 1361 2175 etin

220 2219 514 2286 coniunctissimam
542 2219 603 2288 tibi
630 2241 698 2284 rem
726 2219 888 2305 publicam
921 2220 1055 2304 amoris,
1090 2223 1123 2286 et
1153 2242 1235 2307 quae
1267 2241 1361 2306 saepe

218 2331 381 2416 pollicitus
403 2353 436 2396 es
458 2334 490 2395 te
513 2333 546 2396 et
566 2331 749 2416 taciturum,
773 2331 848 2395 dum
870 2331 1070 2417 serviremus,
1094 2335 1127 2397 ct
1147 2332 1307 2398 dicturum
1322 2330 1361 2395 de

218 2463 269 2507 me
291 2443 370 2526 tum,
394 2463 465 2506 cum
486 2440 566 2506 mihi
580 2441 748 2527 profutura
764 2445 881 2528 essent,
905 2465 992 2508 nunc
1007 2443 1063 2508 illa
1078 2465 1144 2510 non
1159 2466 1219 2530 ego
1234 2443 1362 2529 quidem

218 2552 282 2617 dici
312 2555 415 2618 tanto'
433 2575 527 2639 opere
555 2553 741 2619 desiderabo
769 2576 865 2639 quam
893 2554 1007 2620 sentiri
1029 2578 1048 2620 a
1070 2558 1102 2621 te
1123 2555 1205 2641 ipsc.
1248 2553 1361 2640 Neque

219 2663 305 2728 enim
326 2661 467 2728 omnium
488 2663 606 2729 iudicio
628 2664 738 2728 malim
759 2687 810 2730 me
833 2688 852 2729 a
873 2667 905 2731 te
928 2665 1153 2750 commendari,
1175 2687 1270 2750 quam
1293 2665 1361 2751 ipse

218 2777 274 2840 tuo
296 2773 413 2839 iudicio
436 2775 533 2860 digne
556 2797 594 2840 ac
615 2796 739 2840 mereor
761 2777 1000 2841 commendatus
1028 2799 1112 2862 esse,
1140 2779 1177 2842 ut
1204 2775 1284 2858 haec
1305 2796 1361 2840 no·

217 2885 347 2950 vissima
368 2887 479 2951 nostra
500 2886 588 2951 facta
609 2907 675 2950 non
697 2886 803 2954 subita
824 2911 885 2954 nec
909 2889 1142 2973 convenientia,
1167 2886 1222 2953 sed
1244 2885 1361 2952 similia

218 2995 282 3060 illis
306 2996 566 3090 cogitationibus,
590 3019 724 3082 quarum
745 3001 782 3063 tu
804 2999 896 3064 testis
919 3022 963 3084 es,
986 2999 1085 3064 fuisse
1107 2983 1227 3064 iudic‘es
1248 3019 1361 3084 meque

218 3106 259 3170 ad
280 3106 434 3189 optimam
456 3128 545 3191 spem
567 3128 634 3171 non
656 3107 824 3172 minimum
845 3109 910 3174 tibi
926 3111 988 3195 ipsi
1003 3110 1242 3194 producendum
1256 3112 1359 3194 putes.

217 3217 248 3281 2.
280 3215 363 3282 Sunt
384 3216 460 3300 tibi,
490 3215 534 3280 M.
558 3215 660 3301 Tulli,
689 3217 782 3282 liberi
809 3220 1043 3306 propinquique
1067 3220 1157 3306 digni
1179 3221 1307 3305 quidem
1327 3224 1360 3286 te

218 3331 252 3392 et
272 3328 386 3392 merito
409 3327 580 3411 carissimi3
618 3348 686 3393 esse
714 3331 812 3394 etiam
834 3331 953 3397 debent
973 3333 1009 3397 in
1030 3332 1195 3416 republica
1217 3333 1360 3416 proxime

217 3438 276 3503 hos
299 3439 380 3522 cari,
414 3439 468 3522 qui
496 3439 673 3504 studiorum
701 3441 829 3506 tuorum
857 3445 933 3508 sunt
961 3443 1095 3528 aemuli,
1129 3463 1263 3528 quorum
1291 3467 1360 3510 esse

218 3549 312 3634 cupio
337 3548 397 3612 tibi
426 3549 564 3634 copiam:
602 3550 657 3614 sed
684 3554 796 3616 tamen
822 3574 889 3616 non
916 3554 1056 3618 maxima
1082 3576 1133 3619 me
1160 3556 1256 3620 turba
1282 3560 1360 3642 puto

218 3659 353 3743 excludi,
378 3680 439 3742 quo
461 3659 567 3724 minus
589 3659 650 3724 tibi
671 3658 771 3726 vacet
786 3685 837 3728 me
860 3663 1004 3748 excipere
1027 3667 1060 3729 et
1081 3665 1121 3729 ad
1136 3667 1255 3751 omnia,
1278 3690 1360 3753 quae

217 3769 296 3836 velis
325 3771 358 3834 et
384 3769 514 3855 probes,
548 3771 733 3855 producere.
779 3773 932 3850 Animum
960 3775 1020 3840 tibi
1048 3779 1193 3842 nostrum
1222 3779 1359 3845 fortasse

216 3877 436 3966 probavimus3
458 3880 624 3966 ingenium
647 3883 772 3950 diutina
793 3885 929 3950 servitus
946 3889 1042 3972 certe,
1065 3887 1283 3975 qualecunque
1299 3893 1358 3975 est,

217 3991 322 4056 minus
344 3994 469 4076 tamen,
502 4014 598 4078 quam
621 3999 705 4080 erat,
730 4017 826 4080 passa
849 4000 899 4062 est
924 3998 1034 4063 videri.
1079 3999 1110 4064 3.
1141 3999 1208 4066 Nos
1236 4023 1275 4065 ex
1303 4024 1359 4066 ora
1405 4032 1407 4042 ·

199 4102 379 4166 'maritima
394 4102 492 4168 Asiae
513 4105 697 4189 provinciae
720 4110 753 4172 et
775 4121 813 4172 e'x
835 4107 958 4193 insulis,
982 4131 1061 4194 quas
1082 4110 1242 4195 potuimus
1260 4134 1358 4178 naves

218 4211 419 4298 deduximus3
442 4214 599 4280 delectum
621 4217 790 4304 remigum,
814 4241 935 4304 magna
952 4221 1153 4287 contumacia
1168 4221 1356 4308 civitatium,

217 4323 325 4386 tamon
347 4324 426 4388 satis
454 4325 600 4391 celeriter
626 4325 811 4414 habuimus;
844 4331 945 4395 secuti
972 4353 1080 4397 sumus
1108 4333 1242 4398 classem
1264 4335 1359 4400 Dola-

216 4431 330 4515 bellae,
354 4433 404 4498 cui
419 4433 559 4503 Lucilius
573 4442 738 4526 praeerat3
760 4441 814 4529 qui
830 4449 925 4530 spem
934 4463 1029 4533 saepe
1051 4444 1253 4514 transitionis
1267 4469 1357 4532 prae-
