3334 5158
701 399 826 471 —'11
871 446 913 455 .-

233 602 336 665 neque
359 577 479 661 abeis,
503 578 557 662 qui
580 599 652 642 cum
674 577 807 662 imperio
822 580 938 661 essent,
962 577 1071 642 reduci
1091 578 1197 662 vellet,
1222 577 1377 644 Caninius

138 757 139 762 ,
235 693 341 755 autem
369 711 427 774 pro
449 688 601 772 Pompeio
630 688 853 771 contenderet,
888 683 1084 771 amplissimo
1111 688 1217 752 ordini
1244 687 1375 772 placuit,

235 803 271 865 ut
291 799 471 866 sententiae
493 798 634 862 breviter
655 799 848 863 dicerentur.
1338 871 1342 882 .

270 954 274 959 ·
319 911 460 994 ‘Itaqne,
489 909 536 972 ait
558 908 669 974 Cicero
690 908 717 972 Ι.
740 909 771 992 2,
796 909 825 992 1,
853 930 925 972 cum
947 909 1108 972 sententia
1130 909 1234 993 prima
1257 909 1375 994 Bibuli,

236 1021 443 1087 annuntiata
466 1022 564 1103 esset,
592 1022 629 1082 ut
657 1021 722 1082 tres
750 1018 851 1103 legati
873 1039 982 1102 regem
1003 1019 1207 1102 reducerent,
1220 1049 1224 1060 ’
1238 1012 1377 1086 secunda

253 1131 417 1214 lortensii,
447 1133 484 1194 ut
510 1132 547 1193 tu
568 1129 637 1193 sine
660 1129 802 1204 exercitu
824 1127 1008 1211 reduceres,
1036 1129 1133 1192 tertia
1154 1129 1311 1213 Vulcatii,
1341 1133 1378 1194 ut

254 1243 404 1327 'ompeius
426 1239 601 1323 reduceret,
623 1238 819 1323 postulatum
842 1240 900 1321 est,
924 1241 961 1302 ut
980 1235 1088 1302 Bibuli
1116 1239 1278 1303 sententia
1299 1239 1377 1303 divi-

254 1355 372 1418 .eretur.
417 1349 582 1426 Quatenus
605 1349 643 1414 de
670 1349 826 1433 religione
848 1349 992 1430 dicebat,
1026 1349 1077 1412 cui
1104 1349 1150 1414 rei
1178 1349 1243 1412 iam
1264 1349 1377 1414 obsisti

255 1485 302 1527 ion
322 1464 460 1547 poterat,
485 1459 601 1525 Bibulo
624 1481 788 1524 assensum
803 1461 868 1543 est,
891 1459 930 1523 de
944 1458 1048 1528 tribus
1063 1459 1177 1544 legatis
1192 1459 1376 1544 frequentes

255 1575 343 1638 arunt
364 1572 400 1636 in
422 1571 486 1636 alia
507 1571 625 1636 omnia.
657 1570 806 1634 Proxima
829 1572 899 1664 crat
919 1568 1087 1633 Hortensii
1109 1571 1281 1655 sententia,
1305 1593 1377 1635 cum

153 1760 155 1769 Ι
250 1697 342 1768 ‘iupus
364 1683 513 1747 tribunus
534 1682 590 1766 pl.,
619 1681 702 1766 quod
723 1681 792 1764 ipse
815 1680 854 1744 de
875 1680 1027 1764 Pompeio
1049 1681 1242 1765 rettulisset,
1271 1681 1376 1746 inten-

258 1815 311 1858 ere
333 1793 448 1878 coepit,
473 1795 549 1856 ante
571 1814 605 1857 se
627 1793 772 1876 oportere
795 1791 1020 1856 discessionem
1042 1791 1162 1875 facere,
1185 1813 1281 1876 quam
1304 1813 1377 1856 con-

153 1894 156 1927 ⁵
257 1905 329 1969 ales.
367 1903 447 1968 Eius
469 1903 609 1968 orationi
630 1901 836 1967 vehementer
858 1901 899 1964 ab
921 1901 1068 1966 omnibus
1088 1901 1298 1966 reclamatum
1313 1905 1377 1986 est3

252 2017 306 2078 rat
327 2013 413 2080 enim
435 2015 546 2098 iniqua
568 2015 601 2077 et
622 2033 716 2076 nova.
748 2010 900 2077 Consules
922 2012 1259 2096 nequeconccdebant
1273 2035 1377 2097 neque

253 2123 327 2190 alde
342 2124 585 2209 repugnabant3
602 2123 685 2187 diem
701 2123 843 2187 consumi
856 2122 1021 2206 volebant,
1036 2122 1070 2186 id
1085 2123 1168 2206 quod
1180 2125 1229 2186 est
1243 2123 1375 2187 factum.

260 2235 481 2319 'erspiciebant
507 2235 593 2318 enim
620 2233 656 2297 in
682 2232 853 2306 Hortensii¹
877 2233 1072 2297 sententiam
1100 2232 1209 2297 multis
1231 2233 1377 2316 partibus

261 2339 343 2410 lures
364 2346 481 2428 ituros,
503 2365 697 2429 quamquam
719 2346 829 2428 aperte
851 2342 999 2408 Volcatio
1021 2343 1278 2408 assentirentur.'

182 2511 188 2518 .
213 2509 239 2550 ⁴,
255 2468 262 2510 ἓ
321 2455 419 2521 Hisce
442 2458 592 2540 apparet,
624 2476 662 2518 cx
684 2454 823 2538 quinque
846 2453 1016 2534 sententiis
1038 2455 1144 2538 priore
1167 2453 1304 2537 epistula
1327 2476 1377 2518 ex-

46 2584 49 2592 ·
217 2529 224 2566 i
252 2500 263 2596 l
281 2566 350 2631 sitis
378 2566 455 2630 duas
484 2587 552 2630 esse
581 2566 648 2630 sive
676 2565 817 2628 desertas
846 2565 888 2628 ab
910 2564 1093 2629 auctoribus
1116 2565 1182 2629 sive
1204 2565 1336 2628 omissas
1359 2587 1378 2629 a

81 2635 121 2774 ζ
132 2587 437 2776 ἔῇἷξηευᾘῦηε,
472 2677 607 2740 alteram
629 2673 736 2740 Crassi
764 2675 899 2739 alteram
927 2673 1067 2758 Servilii,
1103 2677 1136 2740 et
1162 2677 1291 2739 tantum
1311 2677 1378 2740 tres

238 2787 375 2872 reliquas
396 2787 506 2870 fuisse,
534 2807 612 2870 quas
635 2785 781 2850 consulas
802 2784 1049 2869 prudentissime
1070 2785 1131 2850 hoc
1153 2785 1264 2850 ordine
1285 2807 1378 2870 posu-

239 2901 341 2982 erunt,
364 2901 402 2962 ut
423 2917 504 2982 quae
526 2895 632 2981 potior
654 2899 738 2960 esset
751 2895 854 2979 primo
868 2891 938 2960 loco
954 2895 1129 2980 diceretur;
1152 2898 1187 2960 ut
1201 2897 1228 2960 si
1243 2894 1378 2961 Bibulus

240 3029 366 3072 causam
388 3006 590 3090 obtinuisset,
612 3027 715 3090 neque
730 3003 897 3070 Hortensii
919 3007 1099 3070 sententiae
1120 3028 1223 3090 neque
1238 3006 1378 3072 Volcatii

237 3118 325 3182 locus
339 3118 464 3182 fuisset.
496 3116 557 3182 Sed
573 3115 682 3180 Bibuli
696 3117 857 3182 sententia
880 3138 918 3180 ex
940 3119 1032 3200 parte
1052 3116 1274 3182 tantummodo
1288 3117 1377 3182 vicit.

239 3228 403 3305 Quatenus
425 3227 464 3292 de
486 3226 642 3312 religione
665 3226 808 3310 dicebat,
833 3227 863 3290 ci
885 3248 1050 3290 assensum
1072 3229 1136 3290 est:
1170 3245 1279 3312 regem
1307 3248 1379 3292 cum

237 3338 441 3404 multitudine
463 3337 572 3402 reduci
598 3335 811 3422 periculosum
839 3335 1034 3421 reipublicae
1061 3336 1177 3421 videri3
1210 3338 1248 3401 de
1275 3337 1378 3401 tribus

238 3453 345 3514 autem
366 3448 494 3534 legatie,
518 3448 573 3532 qui
595 3469 634 3511 ex
655 3447 790 3532 privatis
813 3450 930 3531 essent,
954 3447 1105 3532 frequens
1120 3454 1251 3512 senatus
1266 3448 1300 3511 in
1316 3448 1379 3512 alia
1404 3519 1405 3522 Ἴ

238 3559 345 3624 omnia
371 3558 511 3624 transiit.
556 3557 706 3622 Proxima
732 3557 833 3642 igitur
859 3557 922 3622 fuit
948 3556 1114 3622 Hortensii
1143 3559 1314 3623 sententia.
1336 3597 1379 3608 -

238 3670 404 3735 Hactenus
426 3668 535 3734 omnia
556 3670 645 3732 recta
667 3669 699 3732 et
712 3669 821 3752 plana,
846 3668 1001 3752 sedeam,
1026 3689 1106 3752 quae
1121 3669 1273 3753 sequitur,
1296 3669 1379 3754 Lupi

237 3780 359 3844 tribuni
375 3779 477 3864 plebis
493 3779 688 3844 orationem:
711 3781 795 3860 quod
806 3780 872 3862 epse
894 3781 931 3844 de
947 3778 1095 3862 Pompeio
1109 3781 1288 3859 rettulisset,
1306 3785 1379 3844 oete

237 3911 269 3956 se
290 3895 428 3973 oportere
450 3891 664 3955 discessionem
686 3889 790 3970 fecere
817 3909 913 3970 quom
941 3890 1078 3956 eonsules
1107 3889 1176 3954 sinc
1204 3889 1379 3954 ambitione

239 4005 271 4066 et
285 3999 406 4065 invidia
422 3999 485 4064 dici
499 4001 605 4083 potest
620 4000 665 4066 ita
680 4021 746 4064 non
761 3998 959 4064 intellectam
975 4021 1044 4064 esse
1061 4000 1162 4064 doctis
1184 3999 1377 4082 hominibus,

238 4115 275 4176 ut
296 4132 356 4176 nce
377 4109 580 4194 quid-Lupus
602 4131 662 4174 nec
685 4131 740 4174 cur
761 4109 953 4194 postulasset
974 4110 1130 4174 viderent.
1160 4109 1379 4174 Wielandium

239 4221 324 4286 enim
339 4241 508 4305 perperam
522 4219 603 4284 haec
616 4219 714 4284 verba
728 4201 977 4314 interpretatum
992 4241 1076 4285 esse:
1093 4220 1156 4285 ‘da
1172 4241 1213 4284 er
1227 4221 1378 4286 bereits

238 4332 278 4396 in
301 4331 368 4394 der
389 4329 615 4395 vorletzten
638 4327 800 4395 Session
822 4330 880 4394 auf
899 4330 961 4394 den
983 4329 1154 4414 Pompejus
1179 4333 1380 4416 ang'etragen

238 4441 330 4526 habe,
353 4461 388 4504 so
410 4440 456 4504 sei
478 4461 512 4504 er
533 4440 715 4528 berechtigt
736 4463 775 4506 zu
796 4441 982 4529 verlangen,
1007 4442 1079 4506 dass
1102 4442 1158 4507 der
1180 4441 1279 4508 Sonat
1300 4442 1380 4508 iiber
