3324 5162
788 371 1001 436 -30-

470 542 750 627 praestantissimo
772 539 953 616 1111111110
968 539 1003 604 L.
1016 539 1050 604 F.
1075 537 1237 623 quondam
1258 537 1374 602 falsam
1396 534 1463 621 opi-

470 653 601 718 nionem
630 654 832 736 acceperunt.

403 764 446 828 ib.
468 763 525 828 IV.
549 763 586 828 8:
623 762 735 848 Neque
761 783 891 850 mouere
912 763 945 825 10
968 760 1068 825 audeo
1090 759 1271 844 praestanti
1292 759 1464 843 prudentia

472 874 576 938 virum
597 895 658 938 nec
682 872 870 938 confirmare
893 871 1025 936 maximi
1048 870 1147 935 animi
1169 869 1332 934 hominem
1351 892 1463 935 unum-

472 1005 532 1068 que
553 983 774 1048 fortissimum.

404 1094 447 1158 ib.
470 1093 527 1159 IV.
553 1095 608 1160 13:
644 1115 731 1158 nunc
758 1092 793 1158 P.
817 1093 950 1179 Nigidio
977 1095 1034 1158 11111
1062 1092 1205 1158 omnium
1227 1091 1409 1156 doctissimo
1431 1093 1464 1154 et

472 1205 674 1269 sanctissimo
694 1242 738 1253 —
758 1226 800 1269 ne
822 1204 963 1289 bcnIgne
986 1203 1113 1288 quidem
1135 1201 1279 1287 polliceri
1301 1223 1440 1286 possum.

404 1315 447 1380 ib.
470 1313 510 1380 V.
536 1315 591 1379 16:
614 1314 685 1380 Iltsi
707 1336 790 1378 unus
813 1337 852 1378 ex
874 1314 1023 1378 omnibus
1046 1314 1177 1378 minime
1200 1335 1270 1377 sum
1286 1311 1326 1376 ad
1342 1314 1374 1376 te
1390 1333 1464 1376 con·

474 1425 641 1490 solandum
663 1426 931 1490 accommodatus.

406 1537 450 1601 ib.
473 1535 565 1601 XIII.
589 1536 649 1601 45:
685 1535 721 1600 L.
745 1535 888 1621 Egnatio
916 1538 980 1598 u‘uo
1003 1535 1108 1620 equite
1131 1534 1277 1598 Romano
1299 1533 1350 1597 vel
1371 1531 1464 1596 fami·

472 1646 643 1710 liarissime
665 1649 749 1710 utor.

408 1759 452 1823 ib.
475 1757 547 1823 XV.
573 1757 628 1822 16:
651 1756 851 1840 Quamquam
866 1757 994 1840 quicum
1015 1755 1151 1840 loquor?
1186 1755 1265 1820 Oum
1280 1776 1344 1820 uno
1359 1753 1465 1819 fortis-

473 1869 556 1941 simo
577 1867 656 1931 viro.
1405 1859 1411 1872 ⁸

406 1978 491 2043 Lael.
515 1978 541 2042 I.
566 1979 601 2042 1:
624 1977 693 2052 Quo
714 1979 840 2041 mortuo
861 1999 912 2041 me
933 1977 973 2040 ad
988 1977 1174 2062 pontificem
1190 1977 1376 2043 Scaevolam
1392 1998 1467 2041 con·

472 2087 547 2172 tuli,
575 2109 669 2172 quem
696 2109 796 2150 unum
824 2090 955 2151 nostrae
978 2087 1118 2152 civitatis
1141 2090 1174 2151 01
1195 2087 1326 2172 ingenio
1349 2090 1382 2151 et
1403 2087 1466 2150 ius-

473 2199 547 2262 titia
568 2197 880 2281 praestantissimum
903 2197 1002 2260 audeo
1025 2196 1140 2262 dicere.

406 2309 445 2373 de
467 2309 547 2372 orat.
569 2306 630 2372 III.
654 2308 691 2372 8:
724 2310 761 2371 ut
787 2329 870 2371 unus
899 2307 939 2370 ad
967 2307 1136 2372 dicendum
1158 2307 1423 2372 instructissimus
1446 2329 1466 2370 a

473 2421 590 2482 natura
612 2439 680 2482 esse
701 2417 856 2482 videatur.

409 2550 467 2614 pro
482 2528 616 2619 Plancio
629 2527 687 2591 41:
709 2527 820 2591 urbem
835 2546 933 2592 unam
947 2527 1026 2592 mihi
1042 2528 1285 2592 amiscissimam
1300 2527 1465 2592 declinavi.

408 2660 466 2723 pro
482 2637 612 2703 Scauro·
626 2639 655 2702 1.
678 2637 714 2702 5:
742 2635 843 2712 Quem
865 2659 965 2702 unum
988 2659 1026 2701 ex
1048 2637 1135 2702 omni
1156 2639 1310 2702 memoria
1332 2637 1466 2702 scelera-

478 2748 639 2812 tissimum
662 2750 694 2812 01
716 2747 963 2831 audacissimum
984 2747 1083 2812 fuisse
1106 2750 1299 2833 accepimus,

407 2880 465 2944 pro
481 2857 583 2924 Sestio
605 2858 661 2922 621
684 2858 741 2922 uni
762 2859 831 2923 viro
852 2857 1027 2923 fortissimo
1050 2861 1091 2923 01.
1103 2858 1381 2943 praestantissimo
1404 2857 1466 2921 civi

476 2968 701 3054 gratissimum.

410 3080 453 3144 ib.
477 3079 534 3144 63:
558 3101 578 3143 a
599 3101 661 3164 quo
676 3101 740 3144 uno
762 3079 900 3144 maxime
921 3079 957 3144 P.
971 3078 1094 3144 Sestius
1117 3099 1150 3142 se
1166 3079 1346 3164 oppugnari
1367 3078 1464 3142 videt.

409 3190 453 3255 ib.
478 3191 534 3254 671
558 3191 612 3274 qui
634 3213 716 3256 unus
739 3191 881 3255 omnium
904 3189 1096 3255 iustissimus
1118 3189 1217 3254 fuisse
1231 3189 1379 3253 traditur.

408 3300 549 3384 Philipp.
573 3297 615 3364 Π.
639 3303 674 3366 31
698 3323 769 3365 011111
790 3322 854 3364 11110
877 3301 1055 3385 gladiatore
1077 3299 1281 3384 nequissimo.
1322 3362 1323 3370 ,

409 3410 504 3475 Tusc.
523 3410 605 3494 disp.
628 3409 671 3474 II.
686 3411 743 3476 261
766 3433 865 3475 unam
883 3432 951 3476 esse
966 3412 1109 3476 omnium
1123 3432 1190 3474 rem
1205 3408 1464 3494 pulcherrimam.

409 3519 453 3585 ib.
477 3519 536 3584 ΠΙ.
563 3520 617 3584 161
652 3542 732 3605 quae
755 3520 909 3606 cogilatio
930 3543 996 3585 una
1017 3521 1155 3586 maxime
1177 3519 1341 3584 molestias
1363 3519 1467 3584 omnis

478 3623 639 3696 extenuat.

409 3743 454 3807 ib.
477 3741 538 3806 III.
554 3742 612 3807 331
635 3742 668 3806 id
683 3764 785 3828 genus
803 3743 1025 3828 aegritudinis²
1048 3741 1132 3826 quod
1147 3763 1247 3805 unum
1262 3743 1311 3806 est
1325 3740 1467 3804 omnium

477 3875 670 3918 maxumum.

410 3963 453 4028 ib.
477 3962 534 4028 IV.
557 3963 614 4028 251
636 3985 735 4028 unam
756 3985 825 4028 rem
846 3964 984 4027 maxime
1007 3962 1238 4028 delectabilem.

410 4073 452 4138 ib.
475 4072 516 4138 V.
539 4073 598 4138 231
622 4074 670 4138 sui
693 4074 770 4138 civis
792 4074 887 4138 unius
910 4073 1086 4138 acutissimi
1107 4075 1361 4138 monumentum.

410 4184 470 4248 ib.:
493 4183 547 4267 qui
570 4205 603 4248 es
625 4206 707 4248 unus
730 4184 934 4249 suavissimus
956 4187 1068 4269 pastus
1091 4185 1279 4249 animorum.

410 4293 527 4359 Rarior
548 4293 601 4358 hic
622 4295 919 4379 usua‘pronominia
940 4295 1127 4379 superlativi
1148 4295 1213 4358 vim
1241 4293 1468 4378 amplificantis

327 4405 411 4492 apud
421 4404 546 4469 Livium
562 4395 620 4491 eit,
638 4404 678 4470 cf.
694 4404 800 4470 Fabri.
818 4406 858 4470 ad
872 4405 940 4470 Liv.
954 4405 1058 4471 XXII.
1073 4406 1125 4470 22.
1157 4404 1237 4471 Cum
1252 4404 1468 4488 comparativo
