3334 5158
668 399 881 464 ..29-

285 570 329 633 ib.
353 567 394 634 V.
419 569 475 634 89:
499 571 719 654 quoquomodo
741 589 791 634 res
814 591 848 634 se
870 569 1011 634 habebat

284 701 343 764 pro
366 679 437 764 Lig.
460 681 521 745 23:
544 679 607 744 Sed
628 701 754 765 quoquo
776 681 870 744 modo
892 701 926 744 se
948 679 1028 744 illud
1048 679 1156 744 habet.

285 791 407 874 Aperte
437 793 587 875 corrupta
614 793 691 856 sunt
719 812 800 876 quae
822 789 878 854 IX.
902 790 947 854 20
970 789 1139 874 leguntur,
1168 790 1281 874 quibus
1308 791 1344 856 in

200 900 318 965 litteris
346 922 404 986 per
427 901 529 966 multa
550 901 621 966 ioca
642 903 747 965 totum
769 923 803 966 se
824 900 1018 984 Epicureum
1045 899 1166 964 factum
1196 922 1274 966 esse.
1294 899 1344 966 01-

203 1032 275 1076 cero
293 1001 399 1077 Paeto
412 1034 469 1076 suo
484 1015 611 1077 narrat:
635 1011 691 1076 ‘In
706 1011 837 1095 Epicuri
858 1033 918 1076 nos
934 1011 1107 1076 adversarii
1122 1011 1225 1076 nostri
1241 1014 1345 1076 castra

200 1122 405 1186 coniecirnus.
426 1160 471 1171 -
492 1122 631 1187 Proinde
657 1125 691 1186 te
718 1144 813 1206 para:
848 1144 920 1186 curn
949 1121 1079 1187 homine
1107 1124 1140 1186 et
1154 1121 1256 1185 'edaci
1283 1122 1344 1186 tibi

200 1255 252 1297 res
272 1230 332 1315 est,
356 1236 388 1298 et
403 1233 457 1318 qui
472 1233 537 1298 iam
553 1232 673 1318 aliquid
689 1233 867 1318 intelligat3
890 1233 1060 1314 ὀψιμαθεῖς
1076 1234 1183 1296 autem
1198 1231 1344 1296 homines

200 1344 262 1408 scis
291 1366 388 1428 quam
415 1343 591 1408 insolentes
620 1344 696 1407 sint.
740 1342 961 1408 Dedisccndae
989 1341 1050 1406 tibi
1076 1345 1152 1406 sunt
1173 1341 1344 1427 sportellae

201 1457 234 1518 et
250 1454 431 1539 artolageni
444 1455 503 1519 tui.
538 1453 606 1519 Nos
621 1454 686 1518 iam
701 1453 722 1532 i
737 1475 776 1518 ex
791 1453 870 1518 artis
885 1455 1013 1517 tantum
1027 1451 1192 1536 habemus,
1215 1455 1252 1516 ut
1266 1437 1345 1518 Ver-

200 1565 283 1628 rium
305 1568 397 1629 tuum
419 1568 451 1630 et
473 1564 643 1630 Camillum
664 1587 792 1649 —qua
819 1563 977 1628 munditia
1005 1557 1167 1627 Homines!
1198 1585 1261 1647 qua
1284 1563 1344 1626 ele-

201 1676 330 1759 gantia!
358 1698 473 1741 vocare
496 1675 622 1759 saepius
645 1675 841 1761 audeamus?
941 1717 944 1722 -
1341 1739 1343 1750 ,

286 1785 450 1851 Mcdiceus
470 1786 553 1850 liber
574 1785 687 1849 habet:
723 1807 762 1850 ec
783 1787 864 1850 artis
885 1789 1023 1864 tuntum,
1054 1783 1138 1868 quod
1167 1785 1344 1869 scripturae

71 1959 82 1968 ,
200 1896 314 1961 vitium
336 1918 432 1981 quarn
455 1897 550 1961 variis
572 1897 675 1960 modis
703 1896 808 1960 eluere
839 1896 944 1959 conati
967 1895 1035 1959 sint
1054 1894 1171 1959 eruditi
1186 1894 1342 1978 homines,

202 2028 273 2070 curn
295 2029 389 2072 nemo
412 2029 520 2072 eorum
544 2006 743 2072 coniiciendo
765 2027 875 2070 verum
891 2008 1054 2070 assecutus
1070 2004 1121 2088 sit,
1145 2027 1183 2069 ex
1198 2003 1362 2089 margine

202 2117 351 2181 editionis
367 2117 550 2182 Orellianae
572 2117 635 2183 huc
656 2118 831 2181 transferre
846 2117 947 2202 piget.
978 2115 1052 2181 Sola
1068 2115 1345 2180 commemoranda

201 2227 242 2299 H.
267 2227 398 2291 Buschii
422 2229 606 2293 coniectura
634 2227 897 2312 est,'novissima
925 2227 1012 2290 lacta
1040 2227 1075 2290 in
1101 2225 1216 2290 Philol.
1239 2226 1343 2296 252.

201 2360 231 2421 p.
248 2339 311 2402 852
326 2360 390 2422 sq.:
412 2359 470 2402 iios
490 2341 558 2404 ium
580 2341 809 2404 exercitationis
831 2343 972 2429 iunium
994 2337 1049 2420 qui
1070 2357 1142 2400 cum
1157 2358 1224 2401 non
1239 2336 1343 2420 magis
1412 2337 1420 2345 “

201 2470 297 2532 quam
319 2448 414 2512 ceteri
438 2470 516 2532 rem,
541 2450 624 2534 quod
646 2449 747 2532 aiunt,
770 2471 830 2512 acu
851 2448 998 2532 tetigisse
1020 2446 1175 2529 videatur,
1200 2449 1345 2509 nostram

202 2557 456 2622 emendationem
472 2581 605 2644 eamque
620 2560 740 2632 nudam
754 2580 922 2642 ponamus,
946 2561 983 2622 ut
997 2578 1078 2642 quae
1094 2555 1224 2620 evidens
1238 2578 1295 2640 per
1311 2578 1345 2620 se

201 2669 279 2732 satis
301 2667 420 2732 habeat
441 2670 601 2753 praesidii.
635 2668 730 2752 Nam,
755 2669 838 2753 quod
856 2668 974 2733 codicis
988 2666 1283 2751 frequentissimum
1298 2687 1345 2730 cr-

200 2778 281 2842 roris
296 2800 400 2863 genus
422 2782 480 2862 est,
503 2802 568 2843 una
589 2779 698 2843 littera
720 2801 736 2843 e
758 2779 883 2844 adiecta
906 2781 939 2842 et
952 2780 1058 2862 priore
1073 2776 1197 2861 syllaba
1213 2760 1346 2840 alterius

200 2888 348 2953 vocabuli
370 2890 537 2974 geminata
558 2890 591 2954 id
613 2889 753 2954 efficitur
774 2889 858 2975 quod
880 2888 991 2954 Cicero
1014 2887 1158 2972 scripsit:
1188 2887 1345 2953 Nasium

70 3083 75 3088 Ι
201 3019 239 3062 ec
259 3004 328 3064 crte
348 3001 411 3064 ista
433 3005 556 3066 iculum
577 3001 727 3066 babemus
747 3006 784 3065 ut
802 3038 846 3046 -

287 3109 416 3174 Vetere
431 3132 536 3175 errore
564 3111 749 3176 liberandus
777 3110 865 3175 locus
893 3112 958 3193 est,
993 3107 1048 3192 qui
1075 3109 1110 3172 in
1137 3107 1255 3172 litteris
1283 3111 1343 3192 est,

202 3229 281 3303 quas
304 3219 415 3285 Oicero
437 3219 477 3284 ad
500 3219 635 3284 eundem
650 3221 785 3285 Paetum
807 3220 938 3304 scripsit
959 3218 1017 3303 IX,
1033 3218 1086 3302 24,
1109 3217 1165 3282 ubi
1188 3217 1344 3302 hodieque
1447 3238 1451 3245 ·

201 3329 460 3415 haecleguntur:
477 3329 701 3406 ‘Quamobrem
717 3331 778 3395 iste
793 3333 867 3395 tuus
883 3330 1004 3395 amicus
1020 3329 1105 3414 apud
1119 3351 1170 3394 me
1187 3349 1345 3394 commen-

201 3439 330 3506 datione
345 3463 411 3506 non
434 3452 516 3528 eget.
548 3442 682 3508 Utinam
704 3465 742 3507 ea
763 3443 894 3507 fortuna
915 3441 962 3505 rei
983 3439 1132 3525 publicae
1154 3439 1207 3522 sit,
1230 3441 1267 3503 ut
1287 3438 1343 3502 ille

200 3572 251 3615 me
273 3569 369 3636 quam
392 3554 611 3636 gratissimum
632 3554 735 3640 possit
758 3552 984 3637 cognoscerel’
1025 3548 1215 3634 Corrigendi
1236 3549 1345 3612 mendi

201 3665 285 3724 viam
307 3660 469 3747 Mediceus
491 3664 573 3727 liber
594 3663 752 3746 ostendit3
785 3684 852 3726 non
874 3661 961 3726 enim
982 3660 1081 3724 habet
1102 3681 1150 3724 me
1171 3680 1268 3748 quum
1289 3658 1345 3722 sed

201 3792 314 3850 mcum,
337 3793 376 3834 ex
393 3793 457 3855 qua
471 3793 537 3836 una
551 3795 628 3838 voce
650 3773 773 3838 duabus
793 3773 889 3837 factis
911 3793 1036 3836 mum
1057 3770 1090 3834 id
1106 3769 1237 3853 eruitur,
1261 3769 1344 3852 quod

202 3879 313 3946 Cicero
329 3881 472 3966 scripsit:
496 3886 548 3948 ‘ut
560 3885 613 3949 illc
627 3906 675 3949 me
689 3885 793 3949 uuum·
801 3885 1019 3966 peritissimum
1028 3886 1131 3965 possit
1145 3887 1343 3963 copaosccre!

200 3990 246 4054 Et
274 3997 372 4057 auius
402 3994 602 4077 pronominis
636 3993 846 4079 superlativa,
879 3996 925 4074 ut*
950 3991 1142 4058 excellentia
1177 3992 1342 4074 augeatur,

202 4100 319 4166 adiecti
341 4125 436 4186 quarn
456 4103 606 4189 frequens
622 4105 708 4190 apud
723 4104 910 4171 Ciceronem
925 4125 999 4167 usus
1015 4101 1067 4186 sit,
1091 4101 1243 4183 locorum,
1266 4121 1344 4184 quos

201 4211 289 4275 infra
311 4213 436 4318 scripsi,
461 4217 553 4302 copia
576 4218 766 4302 argumento
788 4215 840 4280 sit.
1193 4199 1197 4210 ¹

287 4322 327 4385 ad
337 4322 495 4392 Famae.
506 4328 553 4392 16.
577 4327 632 4413 qui
642 4327 682 4392 de
692 4348 757 4391 uno
767 4324 922 4391 acerrimo
934 4327 967 4389 et
980 4322 1156 4388 fortissimo
1165 4320 1244 4405 vinc,
1260 4343 1344 4386 meo·
1458 4373 1460 4378 .

353 4461 414 4524 que
435 4439 552 4504 iudicio
574 4440 716 4504 omnium
737 4435 961 4522 magnitudine
984 4433 1084 4499 animi
1106 4436 1139 4498 et
1160 4432 1345 4498 constantia
