3334 5158
661 370 928 442 -21-.

187 542 346 608 accedunt
365 544 422 606 tua
443 519 617 626 praecipua
638 544 843 625 ornamenta:
865 541 927 607 hoc
944 541 1012 607 fere
1027 544 1092 608 est:
1115 542 1155 607 ad
1169 545 1225 608 tua
1240 565 1330 627 prae-

139 693 145 697 ·
188 655 282 738 cipua
304 655 494 718 ornamenta
517 652 674 718 accedunt
695 655 752 717 tua
772 653 955 737 praecipue.
1000 651 1094 718 Falsa
1118 652 1199 718 haec
1221 657 1254 718 ct
1276 656 1330 720 ab·

187 764 292 829 sruda.
324 763 387 829 Sed
408 764 503 828 unius
526 762 676 828 dictionis
698 763 811 828 vitium
838 763 1003 848 geminum
1031 763 1145 828 vitium
1167 763 1329 830 Ciceronis

186 875 291 940 verbis
319 873 451 939 invexit.
497 872 579 950 Quid
602 873 687 940 enim
712 872 791 938 illud
816 873 936 954 Quare,
966 895 1038 938 cum
1065 874 1203 958 scriptor
1229 875 1264 940 in
1292 898 1329 941 eo

186 989 280 1070 esset,
303 987 340 1050 ut
360 984 495 1049 alteram
510 1005 600 1068 spem
615 982 828 1068 adiungeret?
856 983 928 1048 Hoc
942 1005 1016 1048 vere
1032 984 1174 1049 sentiens
1190 975 1328 1051 Orellius

184 1097 221 1161 in
242 1096 329 1160 hunc
351 1095 479 1160 modum
501 1094 660 1178 disputat:
697 1092 842 1158 ‘Prorsus
871 1093 990 1158 falsum
1018 1093 1222 1178 enthymema
1243 1096 1329 1161 inest

185 1207 221 1271 in
242 1229 273 1270 v.
316 1205 434 1286 Quare,
465 1207 579 1268 natum
600 1207 637 1268 ut
659 1204 773 1288 opinor
795 1225 834 1268 ex
855 1225 885 1268 v.
908 1205 1048 1284 iniuria,
1071 1204 1207 1270 fortasse
1230 1205 1329 1272 etiam

184 1317 325 1396 10000000,
355 1336 393 1379 ex
422 1314 527 1398 Atque
554 1314 605 1379 vel
631 1313 677 1378 A:
697 1334 785 1393 0000·
812 1317 881 1378 tum
910 1315 996 1379 inter
1022 1336 1062 1380 00
1090 1317 1123 1379 et
1149 1335 1185 1380 00
1213 1316 1331 1381 excidit

184 1433 314 1494 reram?

271 1561 403 1627 Paullus
426 1565 532 1626 autem
553 1559 719 1626 Manutius
741 1561 776 1624 in
799 1561 1029 1626 commentario
1052 1583 1108 1626 suo
1130 1561 1210 1627 haec
1232 1563 1329 1628 adno-

183 1673 284 1738 tavit:
322 1672 395 1738 ‘Est
416 1672 547 1736 omnino
569 1671 803 1756 inconsequens
826 1673 858 1735 et
879 1671 1015 1736 obscura
1036 1672 1172 1738 locutio:
1205 1694 1244 1737 ex
1266 1695 1328 1757 quo

183 1805 309 1868 vereor,
338 1803 380 1847 ne
407 1785 555 1866 corrupte
583 1784 670 1846 totus
691 1781 745 1846 hic
766 1781 853 1846 locus
875 1781 1011 1867 legatur.
1056 1782 1106 1846 Ac
1127 1782 1197 1847 fieri
1218 1785 1328 1849 tamen

189 1896 313 1979 potest,
347 1895 384 1956 ut
405 1893 452 1956 ita
474 1892 639 1976 scripserit
661 1890 770 1956 Cicero
799 1894 831 1955 et
852 1891 1002 1956 inciderit
1027 1892 1062 1958 in
1084 1893 1213 1978 vitium,
1246 1877 1337 1979 quod¹

187 2003 305 2068 Graeci
328 2005 561 2085 (010ιο000νὲ0
583 2002 771 2085 appellant.’
815 1999 884 2066 Nec
905 2001 1030 2067 felicior
1051 2001 1243 2089 Madvigius,
1274 2007 1329 2091 qui

183 2114 333 2179 lacunam
348 2113 473 2177 statuit.
497 2112 539 2177 cf.
556 2111 674 2196 Opusc.
690 2111 716 2176 I.
733 2134 765 2196 p.
781 2113 854 2177 397.
885 2109 936 2175 Ex
957 2111 1007 2176 his
1030 2112 1124 2177 simul
1146 2115 1325 2199 apparebit,

184 2224 261 2309 quid
283 2223 390 2288 conati
411 2222 478 2287 sint
499 2223 560 2286 viri
582 2222 667 2287 docti
689 2222 730 2288 ad
752 2221 960 2287 auferendum
981 2223 1117 2308 malum,
1146 2227 1183 2288 ut
1211 2225 1326 2310 aliquis

183 2333 339 2400 Hercules
357 2334 553 2401 Ἀλεξίκακος
568 2354 647 2416 opus
663 2354 731 2398 esse
745 2331 900 2397 videatur.
932 2331 1046 2418 Quare,
1065 2355 1137 2398 cum
1148 2333 1326 2400 Henricum

184 2444 383 2530 Stephanum
399 2464 695 2528 commemoravero,
715 2442 770 2528 qui
784 2441 959 2527 legendum
975 2443 1205 2508 contendebat:
1228 2465 1326 2528 quare

184 2557 240 2622 adi
261 2577 331 2621 0000
351 2576 436 2639 spem
458 2558 491 2620 et
510 2555 574 2638 ipsi
595 2575 661 2619 non
683 2555 765 2638 ipsc,
795 2556 881 2618 certe
908 2575 975 2618 non
1003 2554 1063 2618 erit
1093 2576 1148 2619 cur
1174 2554 1323 2640 reliquas,

183 2687 262 2752 quas
285 2665 340 2730 alii
362 2666 628 2750 excogitaverint,
651 2663 818 2729 machinas
840 2664 968 2748 longius
990 2685 1172 2748 persequar.

268 2817 431 2902 Frequens
453 2817 539 2882 enim
569 2818 746 2902 scripturae
768 2817 883 2880 vitium
904 2815 1040 2881 Medicei
1068 2816 1152 2900 libri,
1181 2817 1265 2902 quod
1287 2817 1323 2882 F.

182 2927 395 2993 Buechelerus
417 2928 453 2992 in
473 2927 638 3012 praeclara
660 2949 718 2992 sua
741 2927 1023 2992 commentatione:
1049 2926 1112 2991 Zur
1126 2926 1247 2991 Kritiik
1269 2928 1325 2992 der

181 3037 430 3104 Ciceronischen
445 3037 553 3104 Bricfe
575 3038 611 3102 in
632 3037 714 3104 Mus.
738 3037 844 3102 Rhen.
860 3036 917 3101 XI.
941 3059 973 3122 p.
990 3037 1053 3102 534
1075 3058 1121 3120 sq.
1144 3037 1270 3102 notavit
1292 3041 1324 3102 et

180 3148 353 3214 luculentis
376 3147 498 3232 aliquot
520 3149 673 3233 exemplis
694 3148 878 3231 illustravit,
901 3146 962 3212 hoc
985 3149 1043 3231 est,
1066 3150 1104 3209 ut
1124 3146 1247 3226 duabus
1269 3170 1323 3232 pa-

180 3258 271 3323 ribus
311 3258 362 3323 vel
397 3257 514 3324 litteris
548 3258 599 3322 vel
633 3258 765 3344 syllabis
794 3237 1036 3342 insequentibus
1066 3257 1168 3321 altera
1196 3260 1324 3322 tantum

180 3369 342 3434 scribatur
364 3372 397 3434 et
418 3369 643 3454 grandioribus
665 3369 792 3453 quidem
820 3370 857 3432 ut
877 3368 1003 3432 videtur
1026 3367 1153 3432 litteris.
1199 3366 1323 3434 Condu-

179 3478 309 3564 plicatis
338 3479 439 3564 igitur
468 3479 590 3544 duabus
612 3479 642 3543 D
665 3481 697 3543 et
719 3479 747 3544 11
769 3479 886 3544 litteris
916 3500 955 3543 ex
983 3477 1136 3544 mendose
1165 3478 1323 3562 scriptura

180 3590 295 3655 adeam
316 3589 424 3674 prodit
445 3592 587 3675 genuina
609 3592 689 3656 addc
711 3611 781 3656 cam
808 3593 841 3654 et
868 3591 1036 3673 corruptae
1062 3587 1166 3668 Quare
1191 3588 1322 3654 voculae
1405 3577 1411 3585 ⁸

180 3720 259 3763 vera
283 3699 387 3763 forma
421 3698 559 3764 efficitur
591 3699 734 3779 Geirei,
768 3703 806 3764 ut
832 3701 1005 3785 persanata
1032 3697 1197 3763 Ciceronis
1225 3699 1322 3763 verba

156 3881 163 3888 ¹
180 3809 249 3873 sint
263 3813 295 3874 et
309 3809 370 3874 hoc
385 3808 478 3872 modo
499 3810 773 3895 interpungenda:
798 3810 858 3877 001
872 3812 919 3875 000Ι
933 3811 1013 3875 addc
1027 3831 1097 3876 0000
1106 3829 1203 3892 spem,
1226 3831 1323 3892 quom

179 3924 271 3985 00100
293 3921 434 3986 ordinem
455 3921 492 3987 dc
513 3926 540 3986 tc
566 3923 819 4006 apso-babemus,
848 3941 913 3986 000
939 3921 1039 3986 sotum
1060 3925 1190 4003 propter
1219 3921 1321 4003 diput-

180 4035 276 4096 totem
298 4036 326 4096 et
345 4034 491 4096 virtutem
512 4036 615 4112 tuam,
643 4033 719 4098 baec
741 4033 824 4098 caira
846 4035 1033 4097 0000000010
1053 4035 1128 4095 sant
1149 4029 1206 4094 tibi
1227 4031 1322 4095 etiam

180 4161 252 4205 0000
274 4142 347 4214 aliis
368 4143 563 4222 0000000010
585 4144 733 4208 accedunt
754 4147 810 4208 tao
825 4143 1051 4226 praecepisse.
1074 4161 1105 4223 q.
1128 4160 1154 4202 s.

268 4292 403 4358 Gravius
431 4295 607 4380 scripturae
637 4294 750 4372 vitium
777 4294 910 4359 allatum
937 4296 986 4358 est
1013 4291 1176 4359 Ciceronis
1203 4292 1320 4377 verbis,

180 4425 263 4493 quae
286 4405 418 4472 suntin
439 4403 503 4472 illis
525 4404 658 4490 litteris,
689 4427 768 4494 quas
791 4406 831 4471 ad
853 4403 1039 4473 Trebatium
1061 4403 1159 4488 dedit,
1183 4401 1256 4490 VII,
1281 4404 1320 4474 12
