3334 5158
789 363 1000 430 ..26...

319 533 406 598 liano
428 533 544 598 mirum
565 536 721 617 quantum
743 533 910 620 discrepet.
956 535 1157 620 Quapropter
1181 537 1216 603 in
1239 541 1351 605 octavo
1373 541 1462 608 Cice-

319 644 407 708 ronis
430 643 636 728 epistularum
658 644 740 710 libro
762 646 866 731 magis
889 646 986 711 etiam
1000 668 1095 732 quam
1110 648 1144 712 in
1161 649 1275 715 ceteris
1290 651 1461 718 dolendum

320 756 369 818 est
401 776 466 819 non
499 754 629 841 plenam
661 777 719 822 nos
752 759 785 821 et
817 760 966 823 accurate
1000 758 1149 824 collatam
1175 759 1354 828 llorentim
1385 763 1460 830 libri

320 865 511 950 scripturam
533 865 662 951 habere,
685 888 757 932 cum
778 868 841 933 fide
862 867 1012 935 indicetis
1035 891 1116 955 quac
1138 870 1333 958 oblitterata,
1358 895 1457 959 erasa,

320 959 474 1060 correcte,
497 977 713 1062 superscripta
735 979 811 1044 sint.

402 1085 491 1152 Libri
513 1086 570 1152 IX.
589 1110 638 1173 ep.
654 1089 685 1153 4.
710 1090 748 1152 de
762 1088 918 1180 Varronis
940 1091 1079 1157 adventu
1103 1114 1142 1157 ex
1157 1092 1289 1158 Diodori
1310 1100 1369 1161 τοῦ
1392 1101 1457 1162 δια-

319 1201 462 1264 λεκτικοῦ
492 1198 654 1264 sententia
681 1198 792 1265 Cicero
823 1200 904 1266 haec
930 1202 1069 1268 iocatur:
1106 1205 1203 1284 *Περὶ
1230 1210 1379 1273 δυνατῶν
1407 1228 1458 1270 me

318 1307 400 1372 scito
422 1309 502 1376 κατὰ
516 1309 690 1390 Διόδωρον
713 1309 838 1392 κρίνειν.
868 1312 1070 1399 Quapropter
1091 1315 1118 1378 si
1134 1317 1287 1380 venturus
1309 1337 1354 1400 es,
1378 1318 1458 1382 scito

318 1440 448 1484 necesse
471 1441 539 1484 esse
561 1423 594 1484 te
615 1420 739 1506 venire,
767 1422 946 1488 sinautem
967 1445 1034 1488 non
1056 1446 1105 1508 es,
1128 1433 1194 1493 τῶν
1217 1427 1387 1496 ἀδυνάτων
1410 1431 1459 1494 est

253 1591 256 1598 .
316 1531 349 1596 tc
365 1529 485 1596 venire.
509 1530 605 1596 Nunc
619 1530 701 1616 vide,
717 1534 790 1598 utra
804 1535 837 1597 te
852 1533 948 1614 κρῖιιε
962 1535 1067 1620 magis
1082 1534 1229 1621 delectet,
1247 1537 1455 1617 Xpocrurrclc-

316 1661 358 1706 ne
380 1662 422 1704 an
444 1640 525 1706 haec
547 1663 642 1727 quam
664 1645 773 1708 noster
790 1641 949 1709 Diodotus
971 1666 1037 1710 non
1060 1646 1301 1731 concoquebat.’
1345 1647 1384 1712 In
1406 1648 1457 1715 his

317 1753 350 1816 et
372 1752 579 1836 aperiendum
601 1755 634 1818 dt
655 1752 831 1820 tollendum
853 1755 1004 1820 mendum
1020 1759 1069 1821 est
1082 1757 1117 1820 in
1133 1778 1170 1822 eo
1186 1757 1349 1843 vocabulo,
1373 1761 1456 1843 quod

317 1884 427 1928 omnes
450 1863 586 1928 editores
614 1865 813 1950 scripserunt
835 1867 1081 1948 Χρυιιππείαιιε,
1110 1889 1175 1958 non
1203 1853 1287 1953 quod
1313 1869 1457 1934 offendar

315 1973 419 2038 forma
440 1977 595 2059 tanquam
617 1975 771 2061 bilingui,
795 1999 977 2061 quanquam
1000 1977 1126 2063 cicero,
1149 1981 1199 2043 tot
1219 1999 1337 2064 graeca
1358 1981 1457 2048 inter-

315 2084 454 2150 miscens
475 2085 576 2151 latine
598 2085 743 2172 scriptis,
772 2087 936 2171 utriusque
957 2089 1090 2173 linguae
1111 2088 1265 2154 vocabula
1285 2089 1354 2154 fere
1375 2113 1456 2156 nun·

315 2218 411 2281 quam
432 2197 480 2260 ita
500 2196 593 2262 inter.
607 2208 641 2263 s'e
663 2197 768 2262 iunxit
789 2200 823 2261 et
845 2199 1014 2283 copulavit,
1039 2202 1075 2264 ut
1089 2199 1124 2264 in
1138 2222 1235 2264 unam
1249 2222 1359 2267 vocem
1382 2222 1456 2266 con-

315 2293 404 2376 flata.⁹
415 2329 483 2371 esse
504 2307 697 2374 viderentur.
736 2307 833 2374 Ouiur
848 2309 895 2373 rei
909 2309 929 2394 (
927 2310 1156 2377 Pseudocatone
1172 2311 1211 2375 ad
1226 2312 1296 2376 Att.
1312 2311 1338 2376 I.
1358 2313 1406 2377 14.
1424 2314 1454 2378 6.

316 2421 348 2482 et
367 2419 490 2499 focteoo
510 2419 553 2484 ib.
578 2419 603 2484 1.
630 2419 677 2486 16.
702 2419 751 2484 13.
776 2420 921 2486 consulto
943 2421 1072 2506 omitto,
1101 2425 1138 2486 ut
1153 2443 1240 2520 puae
1262 2423 1355 2487 aliter
1374 2423 1456 2487 iudi-

316 2529 418 2593 canda
441 2529 520 2616 sint)
547 2531 610 2594 tria
637 2531 765 2594 tentum
787 2529 932 2615 exempla
954 2534 1097 2598 exstant:
1129 2531 1169 2597 ad
1190 2533 1260 2596 Att.
1283 2531 1373 2598 XIII.
1396 2533 1454 2598 51:

314 2641 397 2720 πρὸ(
417 2639 487 2708 icoc
510 2641 699 2725 ductorque,
721 2640 764 2706 ib.
781 2639 852 2706 XV.
873 2643 926 2707 13:
948 2647 1282 2728 upocpwvobpevque3
1305 2642 1344 2708 de
1358 2642 1454 2708 Deor.
1505 2727 1509 2735 ¹

314 2753 382 2817 nat.
406 2750 449 2815 Il.
473 2752 524 2816 20.
548 2752 606 2818 52:
629 2753 835 2836 Φαίνωνφιθς
858 2774 955 2837 quare
977 2754 1061 2838 quod
1083 2753 1194 2819 Cicero
1218 2753 1251 2817 in
1275 2775 1333 2836 pce
1354 2755 1455 2838 parti-

314 2861 387 2928 cula
414 2861 507 2946 fecit,
535 2862 619 2926 idem
646 2863 682 2927 in
710 2885 745 2928 cc
765 2884 804 2928 oe
830 2863 937 2928 facere
964 2864 1105 2948 potuisse
1127 2863 1195 2928 iure
1217 2863 1344 2930 dixeris.
1391 2863 1454 2929 Sed

313 2994 422 3036 veram
437 2974 628 3058 scripturam
644 2973 747 3057 aperit
761 2971 922 3038 Mediceus
939 2974 1048 3058 codex,
1071 2975 1106 3040 in
1128 2995 1190 3059 quo
1211 2973 1322 3038 latinis
1336 2974 1455 3040 litteris

314 3086 479 3148 exaratum
501 3087 565 3150 est:
595 3082 799 3168 Chrysippios
820 3080 921 3150 leuce.¹
947 3083 1127 3168 Properabo
1150 3084 1190 3148 ad
1214 3087 1454 3166 correctionem,

148 3202 153 3208 “
188 3218 193 3234 ι
282 3266 289 3272 ,
313 3217 389 3260 uam
405 3203 517 3280 sponte
532 3195 725 3280 intelligitur
739 3216 804 3259 una
824 3194 932 3260 littera
947 3196 1071 3259 mutata
1087 3195 1272 3262 Ciceronem
1287 3197 1454 3280 scripsisse

315 3305 482 3388 Chrysippi
509 3328 554 3371 oo
575 3307 659 3372 boec.
694 3304 864 3370 Praeterea
887 3287 1021 3370 delenda
1042 3304 1194 3370 mendosa
1216 3307 1272 3371 illa
1294 3307 1454 3392 scriptura

314 3419 363 3480 est
384 3416 420 3480 in
434 3416 700 3500 interpretatione
715 3416 882 3481 verborum
897 3437 1085 3504 graecorum
1106 3439 1138 3500 p.
1155 3417 1196 3483 58
1211 3421 1244 3482 et
1261 3416 1322 3481 114
1335 3417 1453 3483 indicis

314 3527 521 3592 Graeco-Lat.
546 3527 587 3591 ab
609 3527 729 3593 Orellio
752 3527 900 3593 confecti.

396 3637 437 3702 In
458 3638 585 3723 litteris,
610 3659 688 3722 quas
712 3637 823 3704 Cicero
846 3638 886 3702 ad
900 3637 1079 3709 Varronem
1102 3639 1241 3724 scripsit,
1264 3639 1338 3704 libri
1359 3638 1452 3704 lxo

312 3749 405 3832 plura
426 3749 599 3834 insigniter
627 3751 777 3832 corrupta
804 3749 1004 3825 emendanda
1037 3753 1127 3835 sunt,
1162 3772 1294 3835 quorum
1322 3749 1453 3814 initium

313 3859 437 3944 capiam
460 3881 479 3923 a
500 3881 534 3923 re
557 3858 688 3944 pusilla,
711 3859 766 3924 sed
789 3860 877 3924 cuius
900 3860 1080 3925 emendatio
1103 3860 1281 3926 certissima
1303 3862 1365 3925 cst:

295 4025 298 4031 .
398 3968 482 4034 ‘Scio
503 3972 536 4034 te
558 3991 683 4054 semper
704 3991 827 4034 mecum
855 3971 889 4034 in
916 3971 1004 4035 luctu
1031 3971 1145 4056 fuisse,
1175 3993 1247 4036 cum
1274 3971 1452 4038 videremus

310 4083 552 4145 —extremum
584 4081 741 4146 malorum
771 4081 912 4146 omnium
941 4103 1009 4146 esse
1038 4082 1139 4148 civilis
1169 4081 1245 4148 belli
1271 4081 1450 4168 victoriam,

311 4215 407 4276 quam
430 4190 558 4276 quidem
579 4213 639 4277 ego
661 4193 759 4257 etiam
773 4193 899 4258 illorum
913 4193 1076 4279 timebam,
1101 4194 1141 4258 ed
1155 4215 1234 4279 quos
1250 4214 1449 4258 veneramus.

312 4303 490 4369 Grudeliter
512 4303 597 4366 enim
619 4303 729 4368 otiosis
750 4305 972 4390 minabantur,
1002 4307 1131 4391 eratque
1153 4305 1193 4370 iis
1216 4307 1249 4371 et
1269 4307 1325 4370 tua
1347 4304 1452 4370 invisa

310 4413 458 4480 voluntas
481 4415 513 4481 et
534 4435 606 4480 mea
627 4413 752 4482 oratio’
