<?xml version="1.0" encoding="UTF-8"?>
<!DOCTYPE html PUBLIC "-//W3C//DTD XHTML 1.0 Transitional//EN"
    "http://www.w3.org/TR/xhtml1/DTD/xhtml1-transitional.dtd">
<html xmlns="http://www.w3.org/1999/xhtml" xml:lang="en" lang="en">
 <head>
  <title>
</title>
<meta http-equiv="Content-Type" content="text/html;charset=utf-8" />
  <meta name='ocr-system' content='tesseract 3.04.00' />
  <meta name='ocr-capabilities' content='ocr_page ocr_carea ocr_par ocr_line ocrx_word'/>
</head>
<body>
  <div class='ocr_page' id='page_1' title='image "./mtulliciceronis00kraugoog_0022.png"; bbox 0 0 3334 5158; ppageno 0'>
   <div class='ocr_carea' id='block_1_1' title="bbox 661 375 1004 470">
    <p class='ocr_par' dir='ltr' id='par_1_1' title="bbox 661 375 1004 470">
     <span class='ocr_line' id='line_1_1' title="bbox 661 375 1004 470; baseline 0 -30"><span class='ocrx_word' id='word_1_1' title='bbox 661 375 1004 470; x_wconf 79' lang='grc' dir='ltr'><strong>-11-Ι</strong></span> 
     </span>
    </p>
   </div>
   <div class='ocr_carea' id='block_1_2' title="bbox 138 544 1339 850">
    <p class='ocr_par' dir='ltr' id='par_1_2' title="bbox 138 544 1339 850">
     <span class='ocr_line' id='line_1_2' title="bbox 279 544 1339 630; baseline -0.004 -18"><span class='ocrx_word' id='word_1_2' title='bbox 279 544 468 630; x_wconf 84' lang='lat' dir='ltr'><strong>Singulares</strong></span> <span class='ocrx_word' id='word_1_3' title='bbox 495 545 722 610; x_wconf 90' lang='lat' dir='ltr'><strong>vocabulorum</strong></span> <span class='ocrx_word' id='word_1_4' title='bbox 754 545 893 627; x_wconf 84' lang='lat' dir='ltr'><strong>formae,</strong></span> <span class='ocrx_word' id='word_1_5' title='bbox 926 545 977 610; x_wconf 93' lang='lat' dir='ltr'><strong>vel</strong></span> <span class='ocrx_word' id='word_1_6' title='bbox 1010 544 1192 609; x_wconf 71' lang='lat' dir='ltr'><strong>vetustioris</strong></span> <span class='ocrx_word' id='word_1_7' title='bbox 1225 547 1339 610; x_wconf 87' lang='lat' dir='ltr'><strong>aetatis</strong></span> 
     </span>
     <span class='ocr_line' id='line_1_3' title="bbox 194 655 1339 739; baseline -0.002 -19"><span class='ocrx_word' id='word_1_8' title='bbox 194 656 355 721; x_wconf 87' lang='lat' dir='ltr'><strong>scribendi</strong></span> <span class='ocrx_word' id='word_1_9' title='bbox 385 655 616 720; x_wconf 90' lang='lat' dir='ltr'><strong>consuetudine</strong></span> <span class='ocrx_word' id='word_1_10' title='bbox 643 655 693 720; x_wconf 92' lang='lat' dir='ltr'><strong>vel</strong></span> <span class='ocrx_word' id='word_1_11' title='bbox 721 655 890 720; x_wconf 89' lang='lat' dir='ltr'><strong>familiaris</strong></span> <span class='ocrx_word' id='word_1_12' title='bbox 918 658 951 719; x_wconf 91' lang='lat' dir='ltr'><strong>et</strong></span> <span class='ocrx_word' id='word_1_13' title='bbox 977 655 1156 739; x_wconf 90' lang='lat' dir='ltr'><strong>quotidiani</strong></span> <span class='ocrx_word' id='word_1_14' title='bbox 1184 656 1339 719; x_wconf 88' lang='lat' dir='ltr'><strong>sermonis</strong></span> 
     </span>
     <span class='ocr_line' id='line_1_4' title="bbox 138 755 1339 850; baseline -0.001 -19"><span class='ocrx_word' id='word_1_15' title='bbox 138 755 140 760; x_wconf 38' lang='lat'><strong><em>¹</em></strong></span> <span class='ocrx_word' id='word_1_16' title='bbox 194 789 256 831; x_wconf 91' lang='lat' dir='ltr'><strong>usu</strong></span> <span class='ocrx_word' id='word_1_17' title='bbox 270 769 379 850; x_wconf 88' lang='lat' dir='ltr'><strong>natae,</strong></span> <span class='ocrx_word' id='word_1_18' title='bbox 403 787 482 850; x_wconf 90' lang='lat' dir='ltr'><strong>quas</strong></span> <span class='ocrx_word' id='word_1_19' title='bbox 499 766 664 831; x_wconf 79' lang='lat' dir='ltr'><strong>Ciceronis</strong></span> <span class='ocrx_word' id='word_1_20' title='bbox 687 766 842 850; x_wconf 74' lang='lat' dir='ltr'><strong>epistulae</strong></span> <span class='ocrx_word' id='word_1_21' title='bbox 864 764 1001 830; x_wconf 88' lang='lat' dir='ltr'><strong>Medicei</strong></span> <span class='ocrx_word' id='word_1_22' title='bbox 1023 766 1161 831; x_wconf 85' lang='lat' dir='ltr'><strong>maxime</strong></span> <span class='ocrx_word' id='word_1_23' title='bbox 1183 765 1339 831; x_wconf 90' lang='lat' dir='ltr'><strong>beneficio</strong></span> 
     </span>
    </p>
   </div>
   <div class='ocr_carea' id='block_1_3' title="bbox 194 876 1408 3061">
    <p class='ocr_par' dir='ltr' id='par_1_3' title="bbox 194 876 1339 1954">
     <span class='ocr_line' id='line_1_5' title="bbox 194 876 1339 961; baseline -0.001 -21"><span class='ocrx_word' id='word_1_24' title='bbox 194 880 246 941; x_wconf 90' lang='lat' dir='ltr'><strong>sat</strong></span> <span class='ocrx_word' id='word_1_25' title='bbox 267 877 385 941; x_wconf 87' lang='lat' dir='ltr'><strong>multas</strong></span> <span class='ocrx_word' id='word_1_26' title='bbox 408 877 627 961; x_wconf 88' lang='lat' dir='ltr'><strong>suppeditant,</strong></span> <span class='ocrx_word' id='word_1_27' title='bbox 651 876 802 961; x_wconf 91' lang='lat' dir='ltr'><strong>quoniam</strong></span> <span class='ocrx_word' id='word_1_28' title='bbox 823 877 870 941; x_wconf 90' lang='lat' dir='ltr'><strong>ita</strong></span> <span class='ocrx_word' id='word_1_29' title='bbox 892 876 1113 942; x_wconf 91' lang='lat' dir='ltr'><strong>diiudicandae</strong></span> <span class='ocrx_word' id='word_1_30' title='bbox 1136 878 1223 960; x_wconf 90' lang='lat' dir='ltr'><strong>sunt,</strong></span> <span class='ocrx_word' id='word_1_31' title='bbox 1246 877 1339 940; x_wconf 89' lang='lat' dir='ltr'><strong>utin</strong></span> 
     </span>
     <span class='ocr_line' id='line_1_6' title="bbox 194 971 1337 1071; baseline 0 -21"><span class='ocrx_word' id='word_1_32' title='bbox 194 987 387 1071; x_wconf 90' lang='lat' dir='ltr'><strong>recipiendis</strong></span> <span class='ocrx_word' id='word_1_33' title='bbox 400 971 551 1052; x_wconf 71' lang='lat' dir='ltr'><strong>caveat&#39;ur</strong></span> <span class='ocrx_word' id='word_1_34' title='bbox 563 987 721 1071; x_wconf 81' lang='lat' dir='ltr'><strong>cupiditas</strong></span> <span class='ocrx_word' id='word_1_35' title='bbox 732 987 767 1052; x_wconf 91' lang='lat' dir='ltr'><strong>in</strong></span> <span class='ocrx_word' id='word_1_36' title='bbox 779 987 961 1052; x_wconf 90' lang='lat' dir='ltr'><strong>reiiciendis</strong></span> <span class='ocrx_word' id='word_1_37' title='bbox 972 989 1147 1071; x_wconf 89' lang='lat' dir='ltr'><strong>temeritas,</strong></span> <span class='ocrx_word' id='word_1_38' title='bbox 1162 1007 1337 1070; x_wconf 69' lang='lat' dir='ltr'><strong>comaeque,</strong></span> 
     </span>
     <span class='ocr_line' id='line_1_7' title="bbox 194 1097 1338 1182; baseline 0 -22"><span class='ocrx_word' id='word_1_39' title='bbox 194 1099 278 1182; x_wconf 92' lang='lat' dir='ltr'><strong>quod</strong></span> <span class='ocrx_word' id='word_1_40' title='bbox 300 1098 462 1162; x_wconf 91' lang='lat' dir='ltr'><strong>Mediceus</strong></span> <span class='ocrx_word' id='word_1_41' title='bbox 484 1098 593 1180; x_wconf 89' lang='lat' dir='ltr'><strong>habet,</strong></span> <span class='ocrx_word' id='word_1_42' title='bbox 617 1101 651 1161; x_wconf 92' lang='lat' dir='ltr'><strong>et</strong></span> <span class='ocrx_word' id='word_1_43' title='bbox 671 1098 797 1164; x_wconf 88' lang='lat' dir='ltr'><strong>ratione</strong></span> <span class='ocrx_word' id='word_1_44' title='bbox 820 1099 1046 1181; x_wconf 90' lang='lat' dir='ltr'><strong>comprobatur</strong></span> <span class='ocrx_word' id='word_1_45' title='bbox 1068 1102 1101 1162; x_wconf 91' lang='lat' dir='ltr'><strong>et</strong></span> <span class='ocrx_word' id='word_1_46' title='bbox 1122 1097 1338 1180; x_wconf 82' lang='lat' dir='ltr'><strong>exemplorum</strong></span> 
     </span>
     <span class='ocr_line' id='line_1_8' title="bbox 195 1207 1339 1291; baseline 0.001 -21"><span class='ocrx_word' id='word_1_47' title='bbox 195 1207 413 1272; x_wconf 84' lang='lat' dir='ltr'><strong>similitudine.</strong></span> <span class='ocrx_word' id='word_1_48' title='bbox 458 1207 658 1291; x_wconf 80' lang='lat' dir='ltr'><strong>Principalis</strong></span> <span class='ocrx_word' id='word_1_49' title='bbox 681 1208 768 1272; x_wconf 91' lang='lat' dir='ltr'><strong>enim</strong></span> <span class='ocrx_word' id='word_1_50' title='bbox 795 1208 899 1274; x_wconf 84' lang='lat' dir='ltr'><strong>forma</strong></span> <span class='ocrx_word' id='word_1_51' title='bbox 927 1211 1013 1273; x_wconf 87' lang='lat' dir='ltr'><strong>certe</strong></span> <span class='ocrx_word' id='word_1_52' title='bbox 1041 1230 1107 1273; x_wconf 90' lang='lat' dir='ltr'><strong>com</strong></span> <span class='ocrx_word' id='word_1_53' title='bbox 1133 1208 1214 1291; x_wconf 89' lang='lat' dir='ltr'><strong>fuit,</strong></span> <span class='ocrx_word' id='word_1_54' title='bbox 1251 1207 1339 1272; x_wconf 89' lang='lat' dir='ltr'><strong>cuius</strong></span> 
     </span>
     <span class='ocr_line' id='line_1_9' title="bbox 195 1317 1339 1403; baseline 0 -23"><span class='ocrx_word' id='word_1_55' title='bbox 195 1317 305 1382; x_wconf 89' lang='lat' dir='ltr'><strong>littera</strong></span> <span class='ocrx_word' id='word_1_56' title='bbox 327 1322 479 1402; x_wconf 84' lang='lat' dir='ltr'><strong>extrema,</strong></span> <span class='ocrx_word' id='word_1_57' title='bbox 502 1318 665 1382; x_wconf 85' lang='lat' dir='ltr'><strong>obtusiore</strong></span> <span class='ocrx_word' id='word_1_58' title='bbox 687 1340 766 1383; x_wconf 93' lang='lat' dir='ltr'><strong>sono</strong></span> <span class='ocrx_word' id='word_1_59' title='bbox 787 1321 1008 1402; x_wconf 90' lang='lat' dir='ltr'><strong>pronuntiata,</strong></span> <span class='ocrx_word' id='word_1_60' title='bbox 1032 1318 1214 1403; x_wconf 86' lang='lat' dir='ltr'><strong>insequenti</strong></span> <span class='ocrx_word' id='word_1_61' title='bbox 1235 1318 1339 1383; x_wconf 89' lang='lat' dir='ltr'><strong>vocali</strong></span> 
     </span>
     <span class='ocr_line' id='line_1_10' title="bbox 196 1427 1337 1514; baseline 0 -22"><span class='ocrx_word' id='word_1_62' title='bbox 196 1429 329 1492; x_wconf 80' lang='lat' dir='ltr'><strong>cedebat</strong></span> <span class='ocrx_word' id='word_1_63' title='bbox 349 1432 417 1493; x_wconf 93' lang='lat' dir='ltr'><strong>tam</strong></span> <span class='ocrx_word' id='word_1_64' title='bbox 439 1429 551 1493; x_wconf 91' lang='lat' dir='ltr'><strong>mediis</strong></span> <span class='ocrx_word' id='word_1_65' title='bbox 573 1428 736 1494; x_wconf 88' lang='lat' dir='ltr'><strong>vocabulis</strong></span> <span class='ocrx_word' id='word_1_66' title='bbox 758 1451 854 1514; x_wconf 90' lang='lat' dir='ltr'><strong>quam</strong></span> <span class='ocrx_word' id='word_1_67' title='bbox 877 1431 1036 1494; x_wconf 83' lang='lat' dir='ltr'><strong>extremis.</strong></span> <span class='ocrx_word' id='word_1_68' title='bbox 1072 1427 1113 1492; x_wconf 91' lang='lat' dir='ltr'><strong>ln</strong></span> <span class='ocrx_word' id='word_1_69' title='bbox 1134 1428 1337 1512; x_wconf 88' lang='lat' dir='ltr'><strong>paucissimis</strong></span> 
     </span>
     <span class='ocr_line' id='line_1_11' title="bbox 195 1539 1337 1618; baseline 0.002 -16"><span class='ocrx_word' id='word_1_70' title='bbox 195 1542 324 1602; x_wconf 89' lang='lat' dir='ltr'><strong>tantum</strong></span> <span class='ocrx_word' id='word_1_71' title='bbox 351 1560 418 1603; x_wconf 90' lang='lat' dir='ltr'><strong>non</strong></span> <span class='ocrx_word' id='word_1_72' title='bbox 446 1539 571 1603; x_wconf 89' lang='lat' dir='ltr'><strong>abiecta</strong></span> <span class='ocrx_word' id='word_1_73' title='bbox 599 1542 647 1603; x_wconf 89' lang='lat' dir='ltr'><strong>est</strong></span> <span class='ocrx_word' id='word_1_74' title='bbox 670 1541 745 1603; x_wconf 91' lang='lat' dir='ltr'><strong>ante</strong></span> <span class='ocrx_word' id='word_1_75' title='bbox 767 1561 783 1604; x_wconf 91' lang='lat' dir='ltr'><strong>e</strong></span> <span class='ocrx_word' id='word_1_76' title='bbox 805 1543 838 1603; x_wconf 91' lang='lat' dir='ltr'><strong>et</strong></span> <span class='ocrx_word' id='word_1_77' title='bbox 858 1543 872 1604; x_wconf 93' lang='lat' dir='ltr'><strong>i</strong></span> <span class='ocrx_word' id='word_1_78' title='bbox 893 1539 1034 1604; x_wconf 89' lang='lat' dir='ltr'><strong>vocales:</strong></span> <span class='ocrx_word' id='word_1_79' title='bbox 1071 1559 1177 1618; x_wconf 83' lang='lat' dir='ltr'><strong>comes,</strong></span> <span class='ocrx_word' id='word_1_80' title='bbox 1207 1540 1337 1618; x_wconf 79' lang='lat' dir='ltr'><strong>conredo,</strong></span> 
     </span>
     <span class='ocr_line' id='line_1_12' title="bbox 196 1648 1337 1734; baseline 0 -22"><span class='ocrx_word' id='word_1_81' title='bbox 196 1651 363 1728; x_wconf 82' lang='lat' dir='ltr'><strong>comitium,</strong></span> <span class='ocrx_word' id='word_1_82' title='bbox 387 1652 523 1729; x_wconf 77' lang='lat' dir='ltr'><strong>comitor,</strong></span> <span class='ocrx_word' id='word_1_83' title='bbox 547 1649 672 1733; x_wconf 89' lang='lat' dir='ltr'><strong>quibus,</strong></span> <span class='ocrx_word' id='word_1_84' title='bbox 695 1649 723 1712; x_wconf 91' lang='lat' dir='ltr'><strong>si</strong></span> <span class='ocrx_word' id='word_1_85' title='bbox 746 1648 794 1713; x_wconf 93' lang='lat' dir='ltr'><strong>dis</strong></span> <span class='ocrx_word' id='word_1_86' title='bbox 816 1650 934 1734; x_wconf 90' lang='lat' dir='ltr'><strong>placet,</strong></span> <span class='ocrx_word' id='word_1_87' title='bbox 959 1649 1139 1714; x_wconf 90' lang='lat' dir='ltr'><strong>addendum</strong></span> <span class='ocrx_word' id='word_1_88' title='bbox 1161 1669 1337 1731; x_wconf 78' lang='lat' dir='ltr'><strong>comorpmo,</strong></span> 
     </span>
     <span class='ocr_line' id='line_1_13' title="bbox 196 1758 1339 1844; baseline -0.001 -21"><span class='ocrx_word' id='word_1_89' title='bbox 196 1760 255 1824; x_wconf 87' lang='lat' dir='ltr'><strong>etsi</strong></span> <span class='ocrx_word' id='word_1_90' title='bbox 282 1781 314 1824; x_wconf 92' lang='lat' dir='ltr'><strong>m</strong></span> <span class='ocrx_word' id='word_1_91' title='bbox 335 1759 463 1824; x_wconf 86' lang='lat' dir='ltr'><strong>litterae</strong></span> <span class='ocrx_word' id='word_1_92' title='bbox 485 1763 562 1824; x_wconf 92' lang='lat' dir='ltr'><strong>ante</strong></span> <span class='ocrx_word' id='word_1_93' title='bbox 584 1783 605 1825; x_wconf 87' lang='lat' dir='ltr'><strong>a</strong></span> <span class='ocrx_word' id='word_1_94' title='bbox 627 1759 771 1825; x_wconf 89' lang='lat' dir='ltr'><strong>vocalem</strong></span> <span class='ocrx_word' id='word_1_95' title='bbox 793 1763 937 1826; x_wconf 88' lang='lat' dir='ltr'><strong>servatae</strong></span> <span class='ocrx_word' id='word_1_96' title='bbox 959 1760 1042 1844; x_wconf 92' lang='lat' dir='ltr'><strong>quod</strong></span> <span class='ocrx_word' id='word_1_97' title='bbox 1058 1758 1339 1844; x_wconf 88' lang='lat' dir='ltr'><strong>circumspexerim</strong></span> 
     </span>
     <span class='ocr_line' id='line_1_14' title="bbox 196 1869 770 1954; baseline 0.005 -22"><span class='ocrx_word' id='word_1_98' title='bbox 196 1869 321 1934; x_wconf 91' lang='lat' dir='ltr'><strong>nullum</strong></span> <span class='ocrx_word' id='word_1_99' title='bbox 344 1870 429 1935; x_wconf 90' lang='lat' dir='ltr'><strong>aliud</strong></span> <span class='ocrx_word' id='word_1_100' title='bbox 451 1874 557 1936; x_wconf 89' lang='lat' dir='ltr'><strong>exstat</strong></span> <span class='ocrx_word' id='word_1_101' title='bbox 580 1871 770 1954; x_wconf 89' lang='lat' dir='ltr'><strong>exemplum.</strong></span> 
     </span>
    </p>

    <p class='ocr_par' dir='ltr' id='par_1_4' title="bbox 196 1979 1340 2506">
     <span class='ocr_line' id='line_1_15' title="bbox 279 1979 1336 2065; baseline 0 -21"><span class='ocrx_word' id='word_1_102' title='bbox 279 1981 319 2044; x_wconf 94' lang='lat' dir='ltr'><strong>In</strong></span> <span class='ocrx_word' id='word_1_103' title='bbox 347 1981 457 2046; x_wconf 88' lang='lat' dir='ltr'><strong>eadem</strong></span> <span class='ocrx_word' id='word_1_104' title='bbox 486 1981 623 2065; x_wconf 89' lang='lat' dir='ltr'><strong>epistula</strong></span> <span class='ocrx_word' id='word_1_105' title='bbox 651 1981 789 2046; x_wconf 90' lang='lat' dir='ltr'><strong>Orellius</strong></span> <span class='ocrx_word' id='word_1_106' title='bbox 819 1980 999 2046; x_wconf 75' lang='lat' dir='ltr'><strong>Philomelii</strong></span> <span class='ocrx_word' id='word_1_107' title='bbox 1032 1981 1162 2064; x_wconf 89' lang='lat' dir='ltr'><strong>scripsit</strong></span> <span class='ocrx_word' id='word_1_108' title='bbox 1191 2002 1249 2064; x_wconf 90' lang='lat' dir='ltr'><strong>pro</strong></span> <span class='ocrx_word' id='word_1_109' title='bbox 1280 1979 1336 2044; x_wconf 90' lang='lat' dir='ltr'><strong>illa</strong></span> 
     </span>
     <span class='ocr_line' id='line_1_16' title="bbox 196 2090 1339 2176; baseline -0.001 -22"><span class='ocrx_word' id='word_1_110' title='bbox 196 2090 315 2175; x_wconf 88' lang='lat' dir='ltr'><strong>forma,</strong></span> <span class='ocrx_word' id='word_1_111' title='bbox 340 2092 478 2175; x_wconf 92' lang='lat' dir='ltr'><strong>quaein</strong></span> <span class='ocrx_word' id='word_1_112' title='bbox 499 2091 643 2155; x_wconf 91' lang='lat' dir='ltr'><strong>Medioeo</strong></span> <span class='ocrx_word' id='word_1_113' title='bbox 665 2094 780 2174; x_wconf 88' lang='lat' dir='ltr'><strong>exstat,</strong></span> <span class='ocrx_word' id='word_1_114' title='bbox 804 2090 979 2170; x_wconf 82' lang='lat' dir='ltr'><strong>Philomeli,</strong></span> <span class='ocrx_word' id='word_1_115' title='bbox 1010 2113 1145 2176; x_wconf 87' lang='lat' dir='ltr'><strong>quarum</strong></span> <span class='ocrx_word' id='word_1_116' title='bbox 1167 2091 1247 2154; x_wconf 90' lang='lat' dir='ltr'><strong>haec</strong></span> <span class='ocrx_word' id='word_1_117' title='bbox 1268 2111 1339 2154; x_wconf 91' lang='lat' dir='ltr'><strong>meo</strong></span> 
     </span>
     <span class='ocr_line' id='line_1_17' title="bbox 196 2196 1338 2285; baseline 0 -23"><span class='ocrx_word' id='word_1_118' title='bbox 196 2201 323 2284; x_wconf 92' lang='lat' dir='ltr'><strong>quidem</strong></span> <span class='ocrx_word' id='word_1_119' title='bbox 351 2201 473 2266; x_wconf 90' lang='lat' dir='ltr'><strong>calculo</strong></span> <span class='ocrx_word' id='word_1_120' title='bbox 500 2200 696 2285; x_wconf 90' lang='lat' dir='ltr'><strong>probabilior</strong></span> <span class='ocrx_word' id='word_1_121' title='bbox 724 2200 825 2266; x_wconf 87' lang='lat' dir='ltr'><strong>altera</strong></span> <span class='ocrx_word' id='word_1_122' title='bbox 853 2204 902 2265; x_wconf 92' lang='lat' dir='ltr'><strong>est</strong></span> <span class='ocrx_word' id='word_1_123' title='bbox 930 2204 963 2265; x_wconf 90' lang='lat' dir='ltr'><strong>et</strong></span> <span class='ocrx_word' id='word_1_124' title='bbox 990 2201 1174 2284; x_wconf 92' lang='lat' dir='ltr'><strong>reponenda</strong></span> <span class='ocrx_word' id='word_1_125' title='bbox 1203 2196 1265 2265; x_wconf 86' lang='lat' dir='ltr'><strong>erit</strong></span> <span class='ocrx_word' id='word_1_126' title='bbox 1297 2201 1338 2282; x_wconf 92' lang='lat' dir='ltr'><strong>ei,</strong></span> 
     </span>
     <span class='ocr_line' id='line_1_18' title="bbox 196 2309 1340 2396; baseline -0.002 -22"><span class='ocrx_word' id='word_1_127' title='bbox 196 2311 250 2394; x_wconf 92' lang='lat' dir='ltr'><strong>qui</strong></span> <span class='ocrx_word' id='word_1_128' title='bbox 285 2333 369 2375; x_wconf 88' lang='lat' dir='ltr'><strong>nova</strong></span> <span class='ocrx_word' id='word_1_129' title='bbox 405 2311 576 2396; x_wconf 90' lang='lat' dir='ltr'><strong>aliquando</strong></span> <span class='ocrx_word' id='word_1_130' title='bbox 611 2311 750 2376; x_wconf 90' lang='lat' dir='ltr'><strong>editione</strong></span> <span class='ocrx_word' id='word_1_131' title='bbox 779 2311 938 2394; x_wconf 85' lang='lat' dir='ltr'><strong>genuinas</strong></span> <span class='ocrx_word' id='word_1_132' title='bbox 967 2311 1237 2394; x_wconf 87' lang='lat' dir='ltr'><strong>praestantissimi</strong></span> <span class='ocrx_word' id='word_1_133' title='bbox 1265 2309 1340 2373; x_wconf 93' lang='lat' dir='ltr'><strong>libri</strong></span> 
     </span>
     <span class='ocr_line' id='line_1_19' title="bbox 198 2421 1318 2506; baseline -0.004 -22"><span class='ocrx_word' id='word_1_134' title='bbox 198 2421 372 2504; x_wconf 89' lang='lat' dir='ltr'><strong>scripturas</strong></span> <span class='ocrx_word' id='word_1_135' title='bbox 395 2425 545 2486; x_wconf 89' lang='lat' dir='ltr'><strong>accurata</strong></span> <span class='ocrx_word' id='word_1_136' title='bbox 566 2425 603 2486; x_wconf 93' lang='lat' dir='ltr'><strong>ut</strong></span> <span class='ocrx_word' id='word_1_137' title='bbox 624 2443 684 2506; x_wconf 92' lang='lat' dir='ltr'><strong>par</strong></span> <span class='ocrx_word' id='word_1_138' title='bbox 705 2423 754 2485; x_wconf 88' lang='lat' dir='ltr'><strong>est</strong></span> <span class='ocrx_word' id='word_1_139' title='bbox 776 2421 946 2506; x_wconf 85' lang='lat' dir='ltr'><strong>diligentia</strong></span> <span class='ocrx_word' id='word_1_140' title='bbox 968 2421 1233 2506; x_wconf 88' lang='lat' dir='ltr'><strong>repraesentabit.</strong></span> <span class='ocrx_word' id='word_1_141' title='bbox 1308 2469 1318 2480; x_wconf 82' lang='grc'><strong><em>,</em></strong></span> 
     </span>
    </p>

    <p class='ocr_par' dir='ltr' id='par_1_5' title="bbox 283 2531 1029 2616">
     <span class='ocr_line' id='line_1_20' title="bbox 283 2531 1029 2616; baseline 0 -20"><span class='ocrx_word' id='word_1_142' title='bbox 283 2531 502 2597; x_wconf 78' lang='lat' dir='ltr'><strong>Confidentius</strong></span> <span class='ocrx_word' id='word_1_143' title='bbox 523 2533 709 2597; x_wconf 83' lang='lat' dir='ltr'><strong>Terentium</strong></span> <span class='ocrx_word' id='word_1_144' title='bbox 732 2531 816 2596; x_wconf 80' lang='lat' dir='ltr'><strong>Eun.</strong></span> <span class='ocrx_word' id='word_1_145' title='bbox 840 2531 900 2596; x_wconf 92' lang='grc' dir='ltr'><strong>ΙΙΙ.</strong></span> <span class='ocrx_word' id='word_1_146' title='bbox 924 2533 955 2616; x_wconf 89' lang='lat'><strong>3,</strong></span> <span class='ocrx_word' id='word_1_147' title='bbox 979 2533 1029 2598; x_wconf 83' lang='lat'><strong>13.</strong></span> 
     </span>
    </p>

    <p class='ocr_par' dir='ltr' id='par_1_6' title="bbox 302 2642 1231 2728">
     <span class='ocr_line' id='line_1_21' title="bbox 302 2642 1231 2728; baseline 0 -22"><span class='ocrx_word' id='word_1_148' title='bbox 302 2642 370 2706; x_wconf 84' lang='lat' dir='ltr'><strong>Rus</strong></span> <span class='ocrx_word' id='word_1_149' title='bbox 393 2642 485 2708; x_wconf 83' lang='lat' dir='ltr'><strong>Sunii</strong></span> <span class='ocrx_word' id='word_1_150' title='bbox 507 2643 628 2728; x_wconf 92' lang='lat' dir='ltr'><strong>ecquod</strong></span> <span class='ocrx_word' id='word_1_151' title='bbox 649 2642 785 2706; x_wconf 87' lang='lat' dir='ltr'><strong>habeam</strong></span> <span class='ocrx_word' id='word_1_152' title='bbox 808 2645 841 2708; x_wconf 92' lang='lat' dir='ltr'><strong>et</strong></span> <span class='ocrx_word' id='word_1_153' title='bbox 862 2665 958 2726; x_wconf 91' lang='lat' dir='ltr'><strong>quam</strong></span> <span class='ocrx_word' id='word_1_154' title='bbox 979 2642 1076 2727; x_wconf 84' lang='lat' dir='ltr'><strong>longe</strong></span> <span class='ocrx_word' id='word_1_155' title='bbox 1099 2642 1231 2707; x_wconf 89' lang='lat' dir='ltr'><strong>amari.</strong></span> 
     </span>
    </p>

    <p class='ocr_par' dir='ltr' id='par_1_7' title="bbox 196 2751 1408 3061">
     <span class='ocr_line' id='line_1_22' title="bbox 280 2751 1408 2838; baseline -0.001 -21"><span class='ocrx_word' id='word_1_156' title='bbox 280 2753 377 2817; x_wconf 82' lang='lat' dir='ltr'><strong>Sunii</strong></span> <span class='ocrx_word' id='word_1_157' title='bbox 398 2753 563 2836; x_wconf 90' lang='lat' dir='ltr'><strong>scripsisse</strong></span> <span class='ocrx_word' id='word_1_158' title='bbox 584 2753 782 2838; x_wconf 83' lang='lat' dir='ltr'><strong>negaverim.</strong></span> <span class='ocrx_word' id='word_1_159' title='bbox 813 2751 903 2828; x_wconf 81' lang='lat' dir='ltr'><strong>Quod</strong></span> <span class='ocrx_word' id='word_1_160' title='bbox 925 2756 962 2817; x_wconf 92' lang='lat' dir='ltr'><strong>ut</strong></span> <span class='ocrx_word' id='word_1_161' title='bbox 984 2753 1158 2836; x_wconf 86' lang='lat' dir='ltr'><strong>expelleret</strong></span> <span class='ocrx_word' id='word_1_162' title='bbox 1172 2751 1339 2816; x_wconf 88' lang='lat' dir='ltr'><strong>Bentleius</strong></span> <span class='ocrx_word' id='word_1_163' title='bbox 1406 2761 1408 2765; x_wconf 87' lang='grc'><strong>’</strong></span> 
     </span>
     <span class='ocr_line' id='line_1_23' title="bbox 196 2862 1339 2947; baseline 0 -21"><span class='ocrx_word' id='word_1_164' title='bbox 196 2863 232 2926; x_wconf 92' lang='lat' dir='ltr'><strong>in</strong></span> <span class='ocrx_word' id='word_1_165' title='bbox 254 2884 326 2927; x_wconf 92' lang='lat' dir='ltr'><strong>eum</strong></span> <span class='ocrx_word' id='word_1_166' title='bbox 349 2884 489 2927; x_wconf 91' lang='lat' dir='ltr'><strong>errorem</strong></span> <span class='ocrx_word' id='word_1_167' title='bbox 510 2863 640 2946; x_wconf 88' lang='lat' dir='ltr'><strong>incidit,</strong></span> <span class='ocrx_word' id='word_1_168' title='bbox 668 2884 763 2947; x_wconf 90' lang='lat' dir='ltr'><strong>quem</strong></span> <span class='ocrx_word' id='word_1_169' title='bbox 790 2866 867 2927; x_wconf 91' lang='lat' dir='ltr'><strong>ante</strong></span> <span class='ocrx_word' id='word_1_170' title='bbox 894 2862 952 2928; x_wconf 90' lang='lat' dir='ltr'><strong>hos</strong></span> <span class='ocrx_word' id='word_1_171' title='bbox 974 2863 1083 2928; x_wconf 86' lang='lat' dir='ltr'><strong>decem</strong></span> <span class='ocrx_word' id='word_1_172' title='bbox 1106 2867 1139 2928; x_wconf 90' lang='lat' dir='ltr'><strong>et</strong></span> <span class='ocrx_word' id='word_1_173' title='bbox 1160 2885 1216 2928; x_wconf 89' lang='lat' dir='ltr'><strong>sex</strong></span> <span class='ocrx_word' id='word_1_174' title='bbox 1238 2884 1339 2928; x_wconf 89' lang='lat' dir='ltr'><strong>annos</strong></span> 
     </span>
     <span class='ocr_line' id='line_1_24' title="bbox 197 2971 1338 3061; baseline 0.001 -25"><span class='ocrx_word' id='word_1_175' title='bbox 197 2971 426 3048; x_wconf 79' lang='lat' dir='ltr'><strong>Quaestionum</strong></span> <span class='ocrx_word' id='word_1_176' title='bbox 447 2995 590 3038; x_wconf 88' lang='lat' dir='ltr'><strong>mearum</strong></span> <span class='ocrx_word' id='word_1_177' title='bbox 612 2973 879 3038; x_wconf 81' lang='lat' dir='ltr'><strong>Terentianarum</strong></span> <span class='ocrx_word' id='word_1_178' title='bbox 906 2998 938 3061; x_wconf 89' lang='lat' dir='ltr'><strong>p.</strong></span> <span class='ocrx_word' id='word_1_179' title='bbox 965 2976 1005 3039; x_wconf 85' lang='lat'><strong>19</strong></span> <span class='ocrx_word' id='word_1_180' title='bbox 1033 2973 1126 3038; x_wconf 77' lang='grc'><strong>1121</strong></span> <span class='ocrx_word' id='word_1_181' title='bbox 1155 2973 1205 3037; x_wconf 91' lang='lat' dir='ltr'><strong>his</strong></span> <span class='ocrx_word' id='word_1_182' title='bbox 1233 2973 1338 3038; x_wconf 89' lang='lat' dir='ltr'><strong>verbis</strong></span> 
     </span>
    </p>
   </div>
   <div class='ocr_carea' id='block_1_4' title="bbox 197 3083 1471 3168">
    <p class='ocr_par' dir='ltr' id='par_1_8' title="bbox 197 3083 1471 3168">
     <span class='ocr_line' id='line_1_25' title="bbox 197 3083 1471 3168; baseline 0 -21"><span class='ocrx_word' id='word_1_183' title='bbox 197 3084 323 3149; x_wconf 91' lang='lat' dir='ltr'><strong>notavi:</strong></span> <span class='ocrx_word' id='word_1_184' title='bbox 347 3083 444 3148; x_wconf 74' lang='lat' dir='ltr'><strong>‘haud</strong></span> <span class='ocrx_word' id='word_1_185' title='bbox 466 3106 539 3148; x_wconf 90' lang='lat' dir='ltr'><strong>raro</strong></span> <span class='ocrx_word' id='word_1_186' title='bbox 555 3084 704 3148; x_wconf 91' lang='lat' dir='ltr'><strong>Bembini</strong></span> <span class='ocrx_word' id='word_1_187' title='bbox 718 3085 937 3168; x_wconf 88' lang='lat' dir='ltr'><strong>praestantiae</strong></span> <span class='ocrx_word' id='word_1_188' title='bbox 960 3106 1087 3148; x_wconf 91' lang='lat' dir='ltr'><strong>suorum</strong></span> <span class='ocrx_word' id='word_1_189' title='bbox 1109 3084 1262 3148; x_wconf 91' lang='lat' dir='ltr'><strong>librorum</strong></span> <span class='ocrx_word' id='word_1_190' title='bbox 1285 3086 1341 3147; x_wconf 92' lang='lat' dir='ltr'><strong>aut</strong></span> <span class='ocrx_word' id='word_1_191' title='bbox 1465 3151 1471 3157; x_wconf 73' lang='grc'><strong>,</strong></span> 
     </span>
    </p>
   </div>
   <div class='ocr_carea' id='block_1_5' title="bbox 196 3193 1342 4384">
    <p class='ocr_par' dir='ltr' id='par_1_9' title="bbox 196 3193 1342 3700">
     <span class='ocr_line' id='line_1_26' title="bbox 196 3193 1338 3280; baseline -0.001 -22"><span class='ocrx_word' id='word_1_192' title='bbox 196 3194 449 3259; x_wconf 88' lang='lat' dir='ltr'><strong>mediocritatem</strong></span> <span class='ocrx_word' id='word_1_193' title='bbox 482 3196 539 3257; x_wconf 91' lang='lat' dir='ltr'><strong>aut</strong></span> <span class='ocrx_word' id='word_1_194' title='bbox 569 3193 762 3278; x_wconf 85' lang='lat' dir='ltr'><strong>pravitatem</strong></span> <span class='ocrx_word' id='word_1_195' title='bbox 795 3195 1010 3278; x_wconf 79' lang='lat' dir='ltr'><strong>anteposuit3’</strong></span> <span class='ocrx_word' id='word_1_196' title='bbox 1048 3216 1241 3280; x_wconf 90' lang='lat' dir='ltr'><strong>quamquam</strong></span> <span class='ocrx_word' id='word_1_197' title='bbox 1273 3194 1338 3257; x_wconf 92' lang='lat' dir='ltr'><strong>iam</strong></span> 
     </span>
     <span class='ocr_line' id='line_1_27' title="bbox 198 3303 1338 3390; baseline 0 -22"><span class='ocrx_word' id='word_1_198' title='bbox 198 3303 340 3368; x_wconf 86' lang='lat' dir='ltr'><strong>Faernus</strong></span> <span class='ocrx_word' id='word_1_199' title='bbox 362 3304 400 3368; x_wconf 93' lang='lat' dir='ltr'><strong>de</strong></span> <span class='ocrx_word' id='word_1_200' title='bbox 423 3303 487 3368; x_wconf 91' lang='lat' dir='ltr'><strong>suis</strong></span> <span class='ocrx_word' id='word_1_201' title='bbox 509 3303 600 3368; x_wconf 91' lang='lat' dir='ltr'><strong>libris</strong></span> <span class='ocrx_word' id='word_1_202' title='bbox 621 3326 736 3389; x_wconf 89' lang='lat' dir='ltr'><strong>parurn</strong></span> <span class='ocrx_word' id='word_1_203' title='bbox 757 3305 852 3390; x_wconf 89' lang='lat' dir='ltr'><strong>plene</strong></span> <span class='ocrx_word' id='word_1_204' title='bbox 875 3308 908 3369; x_wconf 92' lang='lat' dir='ltr'><strong>et</strong></span> <span class='ocrx_word' id='word_1_205' title='bbox 930 3308 1078 3370; x_wconf 88' lang='lat' dir='ltr'><strong>accurate</strong></span> <span class='ocrx_word' id='word_1_206' title='bbox 1100 3307 1236 3368; x_wconf 90' lang='lat' dir='ltr'><strong>testatus</strong></span> <span class='ocrx_word' id='word_1_207' title='bbox 1259 3307 1338 3368; x_wconf 91' lang='lat' dir='ltr'><strong>erat.</strong></span> 
     </span>
     <span class='ocr_line' id='line_1_28' title="bbox 197 3414 1342 3500; baseline 0.002 -23"><span class='ocrx_word' id='word_1_208' title='bbox 197 3414 281 3479; x_wconf 90' lang='lat' dir='ltr'><strong>Illud</strong></span> <span class='ocrx_word' id='word_1_209' title='bbox 303 3418 387 3480; x_wconf 85' lang='lat' dir='ltr'><strong>enim</strong></span> <span class='ocrx_word' id='word_1_210' title='bbox 401 3436 524 3497; x_wconf 87' lang='lat' dir='ltr'><strong>verum,</strong></span> <span class='ocrx_word' id='word_1_211' title='bbox 546 3415 630 3499; x_wconf 92' lang='lat' dir='ltr'><strong>quod</strong></span> <span class='ocrx_word' id='word_1_212' title='bbox 645 3415 739 3480; x_wconf 87' lang='lat' dir='ltr'><strong>dicit:</strong></span> <span class='ocrx_word' id='word_1_213' title='bbox 763 3415 864 3478; x_wconf 81' lang='lat' dir='ltr'><strong>‘Libri</strong></span> <span class='ocrx_word' id='word_1_214' title='bbox 880 3415 1004 3500; x_wconf 90' lang='lat' dir='ltr'><strong>antiqui</strong></span> <span class='ocrx_word' id='word_1_215' title='bbox 1018 3415 1086 3479; x_wconf 87' lang='lat' dir='ltr'><strong>fere</strong></span> <span class='ocrx_word' id='word_1_216' title='bbox 1101 3436 1211 3479; x_wconf 91' lang='lat' dir='ltr'><strong>omnes</strong></span> <span class='ocrx_word' id='word_1_217' title='bbox 1226 3416 1342 3496; x_wconf 79' lang='lat' dir='ltr'><strong>ecquod</strong></span> 
     </span>
     <span class='ocr_line' id='line_1_29' title="bbox 196 3525 1339 3610; baseline -0.001 -20"><span class='ocrx_word' id='word_1_218' title='bbox 196 3526 357 3590; x_wconf 80' lang='lat' dir='ltr'><strong>laborem:</strong></span> <span class='ocrx_word' id='word_1_219' title='bbox 379 3525 462 3610; x_wconf 93' lang='lat' dir='ltr'><strong>quod</strong></span> <span class='ocrx_word' id='word_1_220' title='bbox 479 3526 583 3610; x_wconf 86' lang='lat' dir='ltr'><strong>magis</strong></span> <span class='ocrx_word' id='word_1_221' title='bbox 599 3546 795 3609; x_wconf 91' lang='lat' dir='ltr'><strong>consequens</strong></span> <span class='ocrx_word' id='word_1_222' title='bbox 818 3529 851 3590; x_wconf 90' lang='lat' dir='ltr'><strong>et</strong></span> <span class='ocrx_word' id='word_1_223' title='bbox 864 3526 1130 3609; x_wconf 91' lang='lat' dir='ltr'><strong>praecedentibus</strong></span> <span class='ocrx_word' id='word_1_224' title='bbox 1153 3529 1186 3590; x_wconf 91' lang='lat' dir='ltr'><strong>et</strong></span> <span class='ocrx_word' id='word_1_225' title='bbox 1207 3546 1339 3609; x_wconf 89' lang='lat' dir='ltr'><strong>sequen-</strong></span> 
     </span>
     <span class='ocr_line' id='line_1_30' title="bbox 197 3635 505 3700; baseline 0.003 -2"><span class='ocrx_word' id='word_1_226' title='bbox 197 3636 281 3699; x_wconf 92' lang='lat' dir='ltr'><strong>tibus</strong></span> <span class='ocrx_word' id='word_1_227' title='bbox 304 3635 409 3700; x_wconf 91' lang='lat' dir='ltr'><strong>verbis</strong></span> <span class='ocrx_word' id='word_1_228' title='bbox 432 3638 505 3699; x_wconf 88' lang='lat' dir='ltr'><strong>est&#39;</strong></span> 
     </span>
    </p>

    <p class='ocr_par' dir='ltr' id='par_1_10' title="bbox 197 3745 1339 4384">
     <span class='ocr_line' id='line_1_31' title="bbox 282 3745 1339 3831; baseline -0.001 -20"><span class='ocrx_word' id='word_1_229' title='bbox 282 3746 344 3811; x_wconf 84' lang='lat' dir='ltr'><strong>Sed</strong></span> <span class='ocrx_word' id='word_1_230' title='bbox 367 3745 481 3810; x_wconf 91' lang='lat' dir='ltr'><strong>addere</strong></span> <span class='ocrx_word' id='word_1_231' title='bbox 504 3745 611 3810; x_wconf 90' lang='lat' dir='ltr'><strong>omisit</strong></span> <span class='ocrx_word' id='word_1_232' title='bbox 632 3746 667 3810; x_wconf 93' lang='lat' dir='ltr'><strong>in</strong></span> <span class='ocrx_word' id='word_1_233' title='bbox 683 3746 840 3812; x_wconf 91' lang='lat' dir='ltr'><strong>Bembino</strong></span> <span class='ocrx_word' id='word_1_234' title='bbox 854 3747 937 3812; x_wconf 88' lang='lat' dir='ltr'><strong>libro</strong></span> <span class='ocrx_word' id='word_1_235' title='bbox 951 3747 1056 3831; x_wconf 89' lang='lat' dir='ltr'><strong>prima</strong></span> <span class='ocrx_word' id='word_1_236' title='bbox 1070 3769 1168 3810; x_wconf 91' lang='lat' dir='ltr'><strong>manu</strong></span> <span class='ocrx_word' id='word_1_237' title='bbox 1185 3746 1339 3830; x_wconf 90' lang='lat' dir='ltr'><strong>scriptum</strong></span> 
     </span>
     <span class='ocr_line' id='line_1_32' title="bbox 199 3855 1339 3956; baseline 0 -36"><span class='ocrx_word' id='word_1_238' title='bbox 199 3878 266 3920; x_wconf 91' lang='lat' dir='ltr'><strong>esse</strong></span> <span class='ocrx_word' id='word_1_239' title='bbox 288 3855 409 3956; x_wconf 71' lang='lat' dir='ltr'><strong>sqNI</strong></span> <span class='ocrx_word' id='word_1_240' title='bbox 427 3859 459 3920; x_wconf 92' lang='lat' dir='ltr'><strong>et</strong></span> <span class='ocrx_word' id='word_1_241' title='bbox 482 3855 616 3920; x_wconf 88' lang='lat' dir='ltr'><strong>alterum</strong></span> <span class='ocrx_word' id='word_1_242' title='bbox 638 3856 664 3920; x_wconf 94' lang='lat' dir='ltr'><strong><em>I</em></strong></span> <span class='ocrx_word' id='word_1_243' title='bbox 682 3857 783 3921; x_wconf 87' lang='lat' dir='ltr'><strong>altera</strong></span> <span class='ocrx_word' id='word_1_244' title='bbox 805 3880 904 3921; x_wconf 89' lang='lat' dir='ltr'><strong>manu</strong></span> <span class='ocrx_word' id='word_1_245' title='bbox 926 3857 1186 3942; x_wconf 78' lang='lat' dir='ltr'><strong>superscriptum.</strong></span> <span class='ocrx_word' id='word_1_246' title='bbox 1218 3856 1339 3922; x_wconf 75' lang='lat' dir='ltr'><strong>Contra</strong></span> 
     </span>
     <span class='ocr_line' id='line_1_33' title="bbox 198 3965 1339 4052; baseline 0 -22"><span class='ocrx_word' id='word_1_247' title='bbox 198 3965 379 4031; x_wconf 90' lang='lat' dir='ltr'><strong>Bentleius:</strong></span> <span class='ocrx_word' id='word_1_248' title='bbox 408 3967 536 4052; x_wconf 72' lang='lat' dir='ltr'><strong>‘Atqui,</strong></span> <span class='ocrx_word' id='word_1_249' title='bbox 560 3967 683 4052; x_wconf 89' lang='lat' dir='ltr'><strong>inquit,</strong></span> <span class='ocrx_word' id='word_1_250' title='bbox 711 3967 790 4032; x_wconf 91' lang='lat' dir='ltr'><strong>illud</strong></span> <span class='ocrx_word' id='word_1_251' title='bbox 811 3969 956 4034; x_wconf 82' lang='lat' dir='ltr'><strong>laborem</strong></span> <span class='ocrx_word' id='word_1_252' title='bbox 979 3990 998 4031; x_wconf 97' lang='grc'><strong>1</strong></span> <span class='ocrx_word' id='word_1_253' title='bbox 1021 3967 1253 4032; x_wconf 87' lang='lat' dir='ltr'><strong>correctoribus</strong></span> <span class='ocrx_word' id='word_1_254' title='bbox 1275 3969 1339 4030; x_wconf 90' lang='lat' dir='ltr'><strong>est:</strong></span> 
     </span>
     <span class='ocr_line' id='line_1_34' title="bbox 199 4076 1338 4162; baseline -0.002 -20"><span class='ocrx_word' id='word_1_255' title='bbox 199 4076 309 4142; x_wconf 87' lang='lat' dir='ltr'><strong>Nostri</strong></span> <span class='ocrx_word' id='word_1_256' title='bbox 323 4076 465 4142; x_wconf 91' lang='lat' dir='ltr'><strong>universi</strong></span> <span class='ocrx_word' id='word_1_257' title='bbox 480 4078 629 4156; x_wconf 83' lang='lat' dir='ltr'><strong>bobeom;</strong></span> <span class='ocrx_word' id='word_1_258' title='bbox 652 4080 685 4142; x_wconf 91' lang='lat' dir='ltr'><strong>et</strong></span> <span class='ocrx_word' id='word_1_259' title='bbox 699 4081 795 4143; x_wconf 88' lang='lat' dir='ltr'><strong>recte.</strong></span> <span class='ocrx_word' id='word_1_260' title='bbox 826 4078 887 4142; x_wconf 90' lang='lat' dir='ltr'><strong>llla</strong></span> <span class='ocrx_word' id='word_1_261' title='bbox 902 4100 980 4143; x_wconf 91' lang='lat' dir='ltr'><strong>sane</strong></span> <span class='ocrx_word' id='word_1_262' title='bbox 995 4081 1138 4162; x_wconf 90' lang='lat' dir='ltr'><strong>tempore</strong></span> <span class='ocrx_word' id='word_1_263' title='bbox 1153 4077 1338 4162; x_wconf 89' lang='lat' dir='ltr'><strong>praeterito,</strong></span> 
     </span>
     <span class='ocr_line' id='line_1_35' title="bbox 198 4187 1338 4273; baseline 0.001 -23"><span class='ocrx_word' id='word_1_264' title='bbox 198 4187 272 4270; x_wconf 91' lang='lat' dir='ltr'><strong>quia</strong></span> <span class='ocrx_word' id='word_1_265' title='bbox 294 4187 450 4271; x_wconf 88' lang='lat' dir='ltr'><strong>abierant,</strong></span> <span class='ocrx_word' id='word_1_266' title='bbox 472 4188 645 4272; x_wconf 87' lang='lat' dir='ltr'><strong>perierant,</strong></span> <span class='ocrx_word' id='word_1_267' title='bbox 668 4209 827 4273; x_wconf 87' lang='lat' dir='ltr'><strong>nusquam</strong></span> <span class='ocrx_word' id='word_1_268' title='bbox 850 4191 958 4253; x_wconf 90' lang='lat' dir='ltr'><strong>erant:</strong></span> <span class='ocrx_word' id='word_1_269' title='bbox 988 4187 1059 4252; x_wconf 89' lang='lat' dir='ltr'><strong>Hoc</strong></span> <span class='ocrx_word' id='word_1_270' title='bbox 1080 4209 1155 4253; x_wconf 87' lang='lat' dir='ltr'><strong>vero</strong></span> <span class='ocrx_word' id='word_1_271' title='bbox 1177 4188 1338 4272; x_wconf 83' lang='lat' dir='ltr'><strong>praesent</strong></span> 
     </span>
     <span class='ocr_line' id='line_1_36' title="bbox 197 4296 1339 4384; baseline 0.001 -23"><span class='ocrx_word' id='word_1_272' title='bbox 197 4297 337 4378; x_wconf 84' lang='lat' dir='ltr'><strong>babeam,</strong></span> <span class='ocrx_word' id='word_1_273' title='bbox 362 4298 436 4382; x_wconf 90' lang='lat' dir='ltr'><strong>quia</strong></span> <span class='ocrx_word' id='word_1_274' title='bbox 459 4303 491 4362; x_wconf 92' lang='lat' dir='ltr'><strong>et</strong></span> <span class='ocrx_word' id='word_1_275' title='bbox 511 4319 565 4362; x_wconf 90' lang='lat' dir='ltr'><strong>rus</strong></span> <span class='ocrx_word' id='word_1_276' title='bbox 581 4301 614 4362; x_wconf 90' lang='lat' dir='ltr'><strong>et</strong></span> <span class='ocrx_word' id='word_1_277' title='bbox 628 4298 775 4370; x_wconf 88' lang='lat' dir='ltr'><strong>dominus</strong></span> <span class='ocrx_word' id='word_1_278' title='bbox 791 4298 895 4364; x_wconf 89' lang='lat' dir='ltr'><strong>adhuc</strong></span> <span class='ocrx_word' id='word_1_279' title='bbox 911 4301 1092 4384; x_wconf 88' lang='lat' dir='ltr'><strong>supersunt.</strong></span> <span class='ocrx_word' id='word_1_280' title='bbox 1123 4297 1222 4362; x_wconf 89' lang='lat' dir='ltr'><strong>Porro</strong></span> <span class='ocrx_word' id='word_1_281' title='bbox 1237 4296 1339 4364; x_wconf 78' lang='lat' dir='ltr'><strong>Samio</strong></span> 
     </span>
    </p>
   </div>
   <div class='ocr_carea' id='block_1_6' title="bbox 197 4408 1239 4582">
    <p class='ocr_par' dir='ltr' id='par_1_11' title="bbox 197 4408 1239 4582">
     <span class='ocr_line' id='line_1_37' title="bbox 197 4408 1239 4495; baseline 0.003 -25"><span class='ocrx_word' id='word_1_282' title='bbox 197 4429 264 4472; x_wconf 89' lang='lat' dir='ltr'><strong>non</strong></span> <span class='ocrx_word' id='word_1_283' title='bbox 286 4408 390 4487; x_wconf 81' lang='lat' dir='ltr'><strong>Samii,</strong></span> <span class='ocrx_word' id='word_1_284' title='bbox 414 4431 481 4474; x_wconf 91' lang='lat' dir='ltr'><strong>non</strong></span> <span class='ocrx_word' id='word_1_285' title='bbox 503 4410 589 4473; x_wconf 90' lang='lat' dir='ltr'><strong>enim</strong></span> <span class='ocrx_word' id='word_1_286' title='bbox 612 4409 763 4493; x_wconf 92' lang='lat' dir='ltr'><strong>oppidum</strong></span> <span class='ocrx_word' id='word_1_287' title='bbox 785 4409 839 4473; x_wconf 92' lang='lat' dir='ltr'><strong>hic</strong></span> <span class='ocrx_word' id='word_1_288' title='bbox 860 4409 915 4475; x_wconf 87' lang='lat' dir='ltr'><strong>sed</strong></span> <span class='ocrx_word' id='word_1_289' title='bbox 937 4409 1101 4495; x_wconf 85' lang='lat' dir='ltr'><strong>regionem</strong></span> <span class='ocrx_word' id='word_1_290' title='bbox 1123 4411 1239 4473; x_wconf 71' lang='lat' dir='ltr'><strong>notat!</strong></span> 
     </span>
     <span class='ocr_line' id='line_1_38' title="bbox 226 4519 1138 4582; baseline -0.003 -21"><span class='ocrx_word' id='word_1_291' title='bbox 226 4519 326 4561; x_wconf 71' lang='lat' dir='ltr'><strong>Runa.</strong></span> <span class='ocrx_word' id='word_1_292' title='bbox 1045 4537 1053 4558; x_wconf 67' lang='grc' dir='ltr'><strong><em>ο</em></strong></span> <span class='ocrx_word' id='word_1_293' title='bbox 1122 4533 1138 4582; x_wconf 76' lang='lat'>2</span> 
     </span>
    </p>
   </div>
   <div class='ocr_carea' id='block_1_7' title="bbox 0 0 1675 5158">
    <p class='ocr_par' dir='ltr' id='par_1_12' title="bbox 0 0 1675 5158">
     <span class='ocr_line' id='line_1_39' title="bbox 0 0 1675 5158; baseline 0 0"><span class='ocrx_word' id='word_1_294' title='bbox 0 0 1675 5158; x_wconf 95' lang='lat' dir='ltr'><strong> </strong></span> 
     </span>
    </p>
   </div>
  </div>
 </body>
</html>
