3334 5158
785 369 997 440 ..136-

318 545 440 608 entem:
465 541 584 624 ‘Quare
601 541 683 607 nibil
703 541 902 625 properaris:
924 540 1003 606 sctis
1019 540 1200 622 propinquo
1224 539 1323 604 tedio
1343 539 1457 620 videro,

316 653 505 720 sicctebisss

402 761 496 827 Haud
518 762 587 827 leve
609 761 723 826 vulnus
751 761 871 826 insidet
898 760 932 824 in
960 759 1006 824 eis
1027 759 1159 843 litteris,
1187 781 1265 844 quas
1287 759 1324 837 Q.
1349 759 1459 826 Cicero
1504 753 1516 792 ¹

318 874 359 938 ad
381 873 532 938 Tironem
556 872 685 957 scripsit
706 870 794 937 XVI.
819 871 849 956 8,
873 870 959 956 quod
980 870 1089 934 sanari
1116 869 1288 954 plurimum
1314 871 1458 955 interest,

318 986 355 1048 ut
382 987 414 1048 et
439 982 614 1048 fortissimo
643 983 716 1048 duci
745 1003 802 1046 sua
828 983 920 1046 vetus
947 980 1099 1045 reddatur
1126 980 1285 1065 scriptura
1313 984 1346 1046 et
1367 981 1460 1045 simul

321 1093 532 1180 intelligatur,
555 1093 641 1179 quid,
666 1092 844 1158 cumidem
866 1091 1047 1176 tragoedias
1070 1091 1250 1175 scripsisset
1272 1093 1305 1155 et
1319 1113 1337 1154 a
1352 1091 1460 1156 Marco

318 1205 418 1269 fratre
440 1225 505 1269 non
527 1205 660 1290 vulgare
681 1203 808 1268 tulisset
828 1201 1047 1267 testimonium
1068 1201 1104 1265 in
1124 1201 1216 1266 istius
1238 1201 1367 1287 generis
1386 1202 1461 1266 acri-

318 1315 423 1380 bendo
437 1335 470 1380 se
485 1315 609 1399 priores
623 1317 732 1399 partes
747 1313 776 1378 ei
791 1313 942 1398 tribuere,
959 1334 1056 1398 quam
1066 1312 1137 1398 sibi,
1154 1311 1209 1399 (ad
1219 1311 1256 1389 Q.
1269 1311 1321 1376 Er.
1334 1313 1366 1380 3.
1377 1313 1460 1400 4.4.)

319 1426 358 1490 de
379 1425 535 1510 Euripide
556 1425 708 1509 senserit,
733 1425 821 1489 ouius
843 1445 969 1488 versum
991 1422 1116 1488 laudat:
1164 1461 1168 1470 ·

550 1542 656 1618 ψῦχοε
677 1538 713 1602 δὲ
736 1540 843 1622 λεπτῷ
865 1535 964 1617 χρωτὶ
985 1535 1238 1616 πολεμιώτατον.

321 1647 445 1712 Deinde
475 1647 598 1732 pergit:
638 1645 715 1712 ‘Cui
749 1648 784 1710 tu
809 1647 963 1730 quantum
987 1644 1098 1710 credas
1123 1645 1241 1711 nascio
1285 1646 1357 1733 Ego
1377 1627 1463 1714 c'erte

321 1756 465 1842 singulos
497 1757 565 1821 eius
598 1777 707 1822 versus
740 1755 867 1841 singula
889 1757 910 1835 †
933 1757 1001 1820 eius
1032 1756 1217 1821 testimonia
1248 1759 1351 1842 puto.'
1392 1757 1463 1825 Hoc

324 1870 507 1953 corruptutn
523 1889 591 1932 esse
607 1867 745 1933 Orellius
760 1867 850 1931 vidit.
882 1864 945 1931 Sed
959 1867 1076 1930 mirum
1091 1869 1150 1952 est,
1173 1868 1271 1934 semel
1285 1870 1463 1955 iterumque

320 2001 392 2044 eum
403 1979 438 2044 in
452 1978 647 2044 correctione
660 1978 699 2042 ad
711 1999 828 2064 graece
836 1976 1018 2059 confugisse
1030 1977 1207 2063 etprimum
1214 1981 1341 2063 stapulo
1349 1982 1464 2062 (οφίαε

321 2091 499 2156 testimonia
532 2089 669 2154 altarum
701 2089 829 2173 stapulo
862 2087 1010 2169 ἀληθεία(
1043 2091 1219 2155 testimonia
1251 2089 1463 2175 proposuisse.

320 2200 418 2276 Quasi
440 2221 514 2264 vero
536 2198 572 2276 Q.
595 2198 707 2265 Cicero
728 2221 794 2263 non
816 2198 1010 2263 commodius
1032 2198 1137 2263 dicere
1158 2201 1312 2284 potuerit:
1335 2201 1465 2286 singula

321 2310 502 2396 sapientiae
523 2309 575 2374 vel
595 2310 741 2375 veritatis
762 2308 959 2374 testimonia.
989 2306 1101 2394 Neque
1116 2310 1313 2396 probabilior
1326 2312 1364 2376 fit
1383 2311 1464 2378 haec

321 2421 514 2486 emendandi
534 2421 634 2505 ratio,
664 2422 747 2506 quod
770 2419 881 2486 Cicero
908 2441 1036 2485 versum
1056 2419 1264 2505 Euripideum
1286 2444 1398 2507 graece
1422 2423 1465 2488 ci-

322 2533 422 2617 tavit,
451 2532 502 2596 vel
532 2532 615 2616 quod
637 2531 730 2597 initio
752 2531 932 2596 littmarum
955 2530 1002 2595 ait
1023 2531 1061 2596 de
1083 2531 1209 2597 [tironis
1232 2533 1360 2598 infirma
1380 2534 1465 2598 vale·

323 2645 434 2709 tudine
463 2643 695 2724 &statuisset
717 2645 916 2725 χρονιώτερα
943 2645 979 2709 δὲ
1000 2642 1063 2707 sibi
1085 2642 1227 2708 nuntiari
1250 2643 1291 2708 ab
1314 2645 1376 2730 eis,
1408 2645 1465 2729 qui
1574 2679 1580 2690 ·

321 2778 360 2820 ex
389 2754 525 2820 Graecia
552 2754 715 2839 venirent3
748 2757 824 2818 sunt
852 2756 937 2819 certe
964 2751 1043 2819 haec
1069 2753 1167 2818 verba
1196 2753 1324 2839 Sylonis
1351 2754 1466 2819 medici

276 2880 280 2888 “
322 2866 441 2952 graeci.
491 2863 554 2930 Sed
592 2865 754 2929 sententia
793 2865 949 2930 Orellium
985 2885 1051 2930 non
1089 2864 1221 2950 fefellit,
1261 2887 1342 2950 quae
1375 2864 1466 2930 nulla

323 2977 387 3041 alia
409 2998 477 3041 esse
504 2977 612 3060 potest
637 2995 748 3060 quom:
778 2975 951 3060 plurimum
981 2977 1066 3060 apud
1091 2997 1143 3040 me
1171 2975 1256 3041 valet
1282 2975 1464 3061 Euripides,

325 3086 413 3152 cuius
435 3086 581 3151 versibus
603 3085 755 3171 quidquid
778 3081 1019 3171 comprobatur,
1049 3085 1082 3150 id
1105 3085 1302 3171 amplissimo
1324 3107 1468 3173 compro-

323 3199 419 3263 batur
440 3197 635 3281 testimonio,
658 3197 768 3262 velut
790 3219 861 3262 cum
884 3197 1037 3264 Cicerone
1058 3198 1185 3282 loquar:
1209 3196 1299 3262 cuius
1321 3197 1467 3283 singulos

323 3329 432 3373 versus
466 3309 594 3394 singula
627 3310 659 3372 et
690 3327 765 3372 vera
798 3290 983 3372 testimonia
1010 3311 1098 3393 puto.
1143 3306 1262 3385 Quodsi
1287 3311 1373 3373 recte
1395 3330 1468 3393 per-

324 3419 496 3504 speximus,
520 3419 690 3483 videndum
712 3421 761 3482 est
782 3440 845 3503 quo
865 3422 961 3504 pacto
983 3419 1016 3483 id
1039 3418 1247 3483 coniectando
1262 3439 1469 3504 assequamur
1539 3445 1542 3450 ·

324 3534 357 3596 et
372 3530 462 3616 quasi
478 3529 642 3595 eliciamus
666 3552 704 3594 ex
720 3529 918 3614 corruptelae
941 3529 1086 3595 ductibus
1109 3532 1184 3610 ciue,
1207 3529 1258 3594 vel
1279 3529 1385 3616 potius
1407 3552 1468 3614 pro

324 3642 419 3706 solita
433 3641 569 3706 Medicei
583 3641 658 3706 libri
679 3641 807 3706 errandi
823 3636 1053 3706 consuetudine¹
1073 3662 1110 3705 ex
1126 3641 1307 3726 depravatis
1322 3640 1469 3726 vestigiis

324 3757 427 3818 ciusta
471 3751 540 3840 Iam
566 3752 639 3817 vide
673 3752 752 3816 mihi
779 3774 876 3837 quam
903 3755 1019 3837 sponte
1046 3752 1258 3816 subnascatur
1286 3751 1469 3817 emendatio

326 3863 516 3928 certissima:
554 3869 583 3927 et
608 3865 702 3929 lust.
747 3863 861 3948 Itaque
892 3866 981 3927 recto
1009 3863 1118 3926 omnia
1146 3861 1233 3926 hunc
1259 3862 1294 3926 in
1322 3863 1468 3928 modum:

325 3974 395 4058 Epo
417 3979 495 4039 certe
515 3975 655 4058 siupulos
676 3977 743 4040 etus
763 3994 871 4040 vasus
891 3975 1018 4058 ducatu
1040 3979 1068 4039 et
1088 3976 1174 4040 iusta
1192 3975 1369 4039 testimonio
1378 3979 1469 4058 puto.

409 4083 499 4150 Haec
527 4087 618 4170 sunt,
647 4107 728 4170 quae
755 4085 794 4149 de
822 4085 1030 4150 emendandis
1059 4083 1221 4150 Ciceronis
1243 4082 1399 4167 Epistulis
1428 4085 1471 4148 ad
1502 4087 1506 4092 '

325 4195 514 4260 Familiares
535 4195 652 4261 litteris
674 4197 815 4262 breviter
838 4195 1112 4281 consignaveram.
1156 4193 1338 4278 Postremo,
1366 4194 1471 4278 prius-

326 4329 422 4392 quam
446 4307 627 4372 coronidem
650 4308 838 4393 appingam,
862 4328 934 4371 oum
956 4306 1010 4370 diu
1031 4305 1228 4390 multumque
1241 4327 1260 4368 a
1274 4304 1351 4369 viris
1367 4304 1472 4370 doctis

326 4418 539 4503 disceptatum
562 4395 618 4499 sit,
641 4417 711 4502 quis
733 4417 787 4484 ille
810 4416 937 4483 Cassius
958 4417 1072 4501 fuerit,
1095 4417 1149 4501 qui
1171 4416 1296 4481 litteras
1318 4414 1392 4500 ΧΠ,
1418 4416 1469 4482 13.
