3334 5158
661 345 874 410 ...23-

271 519 349 604 'Egc
370 539 444 583 vero
466 517 549 602 quod
571 517 650 604 alias
678 537 789 602 saepe,
822 515 856 580 id
878 514 938 582 hoc
965 539 1087 602 quoque
1115 519 1185 586 loco
1211 519 1333 586 factum

193 651 262 696 esse
284 629 440 712 existimo,
462 631 500 693 ut
521 629 592 711 quis
613 651 643 693 v.
669 649 707 692 cx
729 627 850 692 duobus
865 627 971 693 verbis
991 629 1130 712 quomis
1146 631 1333 714 compendio

192 740 353 806 scribendi
377 739 577 805 coalesceret.
609 737 714 814 Quare
735 739 887 803 mendum
907 737 1061 803 facillime
1082 739 1129 803 ita
1151 741 1332 807 sustuleris:

198 851 262 918 Ubi
270 872 369 934 porro
383 851 441 916 illo
456 850 515 915 aar
526 849 666 930 formula
679 850 823 933 fiducias
840 847 898 914 Vr
909 847 1046 914 INTER
1056 848 1199 916 BONOS
1214 849 1333 916 BENE

192 960 330 1027 AGIER
353 958 567 1040 OPORTET,
597 980 694 1043 qaum
714 961 743 1025 is
764 960 893 1026 minime
913 960 968 1040 sit,
992 961 1047 1044 qui
1067 961 1147 1041 facit
1166 962 1249 1028 nibil
1268 964 1333 1028 adsi

190 1093 252 1138 suo
275 1070 397 1138 consa?

275 1181 346 1246 Lib.
369 1180 444 1246 VII.
467 1180 519 1264 23,
543 1180 574 1244 2.
606 1179 716 1247 Cicero
738 1179 837 1246 Fadio
860 1179 953 1245 Gallo
975 1180 1014 1245 dc
1036 1180 1140 1266 signis
1161 1181 1224 1266 ipsi
1247 1205 1331 1250 com-

190 1293 313 1378 paratis
335 1292 416 1357 hacc
438 1290 602 1357 rescribit:

276 1403 336 1468 ‘'l'u
351 1405 458 1468 autem
472 1403 604 1488 ignarus
626 1401 767 1466 instituti
781 1401 855 1486 mei,
879 1401 992 1486 quanti
1008 1423 1069 1487 ego
1083 1423 1186 1488 genus
1201 1405 1331 1472 omnino

190 1516 354 1599 signorum
370 1513 512 1580 omnium
527 1534 593 1578 non
609 1512 752 1597 aestimo,
775 1511 861 1577 tanti
876 1511 939 1576 ista
954 1514 1106 1596 quattuor
1121 1515 1332 1601 autquinque

190 1624 365 1710 sumpsisti.
404 1623 548 1688 Bacchas
570 1623 650 1688 istas
674 1645 745 1688 cum
767 1622 868 1688 Musis
890 1622 1014 1688 Metelli
1036 1645 1211 1709 comparas.
1250 1625 1332 1702 Quid

189 1735 317 1800 simile?
359 1734 499 1800 Primum
528 1735 616 1818 ipsas
644 1755 703 1818 ego
725 1732 834 1799 Musas
864 1755 1029 1820 nunquam
1049 1735 1135 1799 tanti
1156 1739 1329 1822 putassem,

189 1849 286 1931 atque
308 1845 342 1910 id
368 1845 516 1911 fecissem
538 1844 639 1909 Musis
666 1844 813 1909 omnibus
841 1845 1109 1930 approbantibus,
1138 1847 1194 1911 scd
1220 1850 1331 1914 tamen

188 1960 260 2022 erat
280 1960 392 2040 aptum
413 1955 627 2020 bibliothecae
643 1954 819 2040 studiisque
832 1955 952 2020 nostris
969 1977 1161 2042 congruens.
1192 1956 1329 2024 Bacchis

186 2089 263 2132 vero
285 2067 341 2131 ubi
363 2069 412 2130 est
434 2066 518 2150 apud
539 2087 590 2130 me
612 2065 741 2130 locus‘l'

272 2176 381 2242 Verba
401 2177 456 2243 sed
475 2181 580 2243 tomen
601 2181 670 2242 erat
691 2181 801 2260 aptam
816 2177 1013 2243 bibliothecae
1026 2178 1199 2261 studiisque
1213 2183 1329 2246 nostris

180 2308 359 2373 coapmeas
387 2287 501 2353 vitiose
529 2287 616 2352 diota
646 2289 737 2370 sunt,
773 2287 848 2370 quia
881 2287 1054 2372 singularis
1083 2309 1233 2354 numerus
1262 2297 1331 2356 erat

184 2399 276 2465 verbi
298 2400 412 2483 peccat
438 2397 653 2462 iurationem
680 2397 935 2482 grammaticam.
980 2396 1090 2464 Sermo
1107 2399 1198 2463 enim
1220 2402 1269 2465 est
1290 2403 1329 2466 de

184 2510 289 2596 signis
304 2508 478 2593 Musarum,
502 2529 584 2594 quae
599 2507 684 2593 apud
698 2507 863 2574 Metellum
886 2511 988 2593 erant,
1012 2511 1044 2574 et
1066 2509 1243 2576 subiectum
1258 2533 1328 2576 sen-

154 2683 157 2690 .
184 2620 310 2686 tentiae
326 2619 632 2705 subintelligendum
654 2621 703 2684 est
725 2619 843 2686 Musae
863 2641 892 2684 v.
931 2620 1075 2700 Accedit,
1098 2620 1182 2705 quod
1203 2621 1239 2688 in
1261 2621 1328 2687 Me-

184 2731 276 2796 diceo
305 2730 412 2796 codice
439 2730 593 2814 scriptum
621 2732 670 2794 est
697 2735 789 2797 aaut
809 2735 926 2814 optem.
971 2729 1101 2795 Excidit
1127 2731 1228 2816 igitur
1249 2731 1328 2800 illud

184 2841 328 2925 verbum,
362 2861 424 2925 quo
447 2839 557 2906 Cicero
586 2839 694 2906 Musas
728 2840 912 2925 appellavit.
957 2840 1002 2904 Et
1032 2840 1169 2906 Orellius
1201 2842 1328 2926 quidem

186 2951 340 3017 coniecit:
363 2956 455 3018 erum
476 2951 602 3033 ἄγαλμα
624 2956 734 3034 aptam
755 2952 960 3032 bibliothecae,
984 2952 1040 3016 sed
1060 2952 1095 3016 in
1110 2951 1235 3017 Latinis
1256 2953 1326 3018 sub-

183 3063 299 3127 sistere
321 3062 422 3126 satius
444 3061 535 3127 duco.
565 3061 678 3146 Itaque
700 3083 790 3127 suam
812 3061 959 3129 Ciceroni
980 3083 1111 3126 manum
1132 3062 1180 3138 ita
1200 3063 1327 3129 restitui

184 3173 374 3239 crediderim
405 3173 442 3234 ut
472 3172 563 3236 decus
594 3172 755 3236 inseratur
786 3175 861 3257 post
893 3173 1089 3239 bibliothocae
1124 3174 1324 3261 vocabulum,

183 3288 274 3349 cuius
308 3285 483 3348 extremam
512 3283 638 3366 partem
669 3303 736 3346 non
768 3283 877 3368 inepte
910 3282 1145 3367 suspicabimur
1176 3285 1326 3350 nonnihil

183 3393 358 3460 contulisse
379 3395 416 3457 ut
443 3392 653 3457 omitteretur.
699 3391 835 3477 Scripsit
862 3393 963 3477 igitur
984 3391 1109 3458 Cicero:
1145 3395 1200 3460 sed
1220 3400 1326 3462 brnen

180 3509 277 3570 mont
297 3509 407 3587 aptum
428 3503 625 3570 bibliothecae
646 3504 737 3569 deeras
757 3503 929 3586 studiisque
949 3505 1065 3570 uostris
1087 3525 1267 3588 ooapraens.

268 3613 382 3679 Levior
404 3615 451 3678 est
473 3616 506 3678 et
527 3635 564 3678 eo
587 3613 625 3678 ad
649 3613 818 3678 eluendum
844 3612 971 3677 facilior
997 3613 1137 3698 macula,
1167 3636 1247 3699 quae
1275 3619 1325 3680 cst

179 3726 219 3790 in
242 3725 381 3789 eiusdem
402 3723 477 3790 libri
498 3723 572 3790 VII.
596 3745 645 3808 ep.
669 3723 720 3790 26.
759 3722 870 3790 Cicero
897 3723 983 3789 enim
1012 3725 1050 3789 de
1072 3724 1183 3789 morbo
1205 3746 1261 3790 suo
1284 3747 1323 3791 ex

179 3836 354 3902 herbarum
374 3856 434 3900 usu
456 3837 620 3900 contracto
641 3834 721 3900 haec
743 3834 784 3899 ad
806 3833 949 3900 Gallum:

270 3946 354 4030 ‘Ego
376 3946 483 4010 autem
506 3967 577 4010 cum
599 3967 709 4010 omnes
731 3946 858 4010 morbos
880 3944 1061 4029 reformido,
1084 3947 1154 4010 tum
1169 3967 1232 4030 quo
1246 3945 1323 4030 Epi-

182 4078 294 4122 curum
316 4060 408 4121 tnum
431 4055 529 4122 Stoici
551 4055 634 4120 male
662 4055 841 4141 accipiunt,
875 4055 950 4140 quia
977 4055 1065 4119 dicat
1093 4059 1322 4138 (τραγγουρικὰ

179 4169 235 4235 καὶ
256 4169 456 4248 δυεεντερικὰ
477 4167 563 4248 πάθη
586 4167 647 4232 sibi
668 4165 803 4232 molesta
821 4187 904 4250 esse,
928 4187 1061 4250 quorum
1084 4166 1219 4231 alterum
1240 4188 1323 4232 mor·

179 4279 259 4342 hum
281 4276 449 4343 edacitatis
472 4299 540 4343 esse
562 4280 691 4362 putant,
715 4277 851 4344 altorum
874 4277 971 4344 etiam
992 4277 1145 4363 turpioris
1166 4276 1321 4362 intempe-

178 4386 331 4456 rantiae.'
