3334 5158
700 355 890 418 ,7.-

223 551 274 592 000
296 531 346 592 000
367 527 467 592 multo
489 547 549 590 usu
571 524 740 589 ediscenda
762 523 925 608 multoque
948 521 1125 587 exercenda
1145 521 1268 586 labore:
1290 543 1364 606 pru·

223 639 335 704 denter
357 638 512 722 dubitare,
541 639 634 700 acute
655 635 825 718 inquirere,
848 632 993 698 sollerter
1014 631 1164 716 iudicare,
1192 634 1365 717 praecepta

222 771 283 814 nec
304 751 424 813 temere
447 747 538 831 dare,
569 727 633 812 000
662 745 738 810 data
760 744 800 808 ab
823 743 894 808 aliis
916 743 1085 808 bonafide
1107 743 1266 829 accipere,
1300 743 1364 808 sin-

223 859 315 944 gulas
337 881 402 942 res,
436 857 486 922 vel
508 858 647 921 minores
671 857 819 921 accurate
841 853 1033 938 ponderare3
1067 853 1143 938 quid
1165 855 1287 918 certum
1309 853 1362 937 sit,

224 969 299 1054 quid
320 968 486 1054 probabile
509 967 672 1032 evidenter
700 966 934 1048 demonstrare,
964 964 1052 1028 omni
1079 963 1218 1048 incuria,
1246 963 1363 1048 impru-

223 1080 344 1164 dentia,
367 1079 551 1144 temeritate
567 1077 710 1160 exclusa,
733 1075 878 1160 quodque
895 1075 1037 1159 verbum,
1060 1074 1246 1159 priusquam
1261 1076 1362 1158 utare,

223 1190 356 1274 planum
378 1190 431 1273 sit,
456 1187 659 1273 aptissimum
681 1185 846 1270 aptissimo
868 1185 911 1249 sit
931 1184 1016 1269 loc03
1039 1185 1201 1250 sententia
1219 1183 1275 1270 eis,
1299 1185 1366 1270 qui·

223 1303 282 1366 bus
305 1322 384 1385 opus
407 1303 456 1366 est
477 1299 583 1363 verbis
606 1297 765 1380 efferatur,
788 1317 829 1360 00
845 1296 888 1360 0ἱο
902 1317 962 1360 000
977 1295 1062 1380 quod
1077 1295 1186 1359 demas
1208 1317 1269 1361 nec
1283 1296 1367 1381 quod

225 1411 332 1476 addas.
356 1447 397 1458 -
419 1409 651 1474 Verumtamen
673 1409 754 1472 haec
774 1406 827 1471 via
850 1428 887 1470 ac
909 1406 992 1470 ratio
1008 1427 1073 1470 000
1090 1405 1169 1470 οΤ0
1184 1405 1366 1491 excogitata

225 1525 287 1605 est,
322 1541 425 1605 neque
448 1519 578 1584 omnino
606 1519 641 1583 in
663 1521 792 1582 nostrae
815 1518 930 1582 aetatis
952 1517 1023 1581 luce
1045 1517 1187 1582 inventa.
1233 1514 1296 1582 Sed
1318 1520 1366 1582 est

223 1632 367 1716 illaria,
390 1651 453 1716 qua
476 1629 671 1695 Graecorum
692 1629 970 1712 Romanorumque
993 1626 1164 1712 scriptores
1186 1648 1297 1692 verum
1318 1628 1366 1692 in-

223 1743 389 1828 dagabant
409 1740 696 1825 inveniebantque,
731 1741 780 1804 est
806 1741 950 1804 veterum
976 1759 1028 1803 ars
1051 1737 1243 1823 disserendi,
1277 1739 1365 1812 cuius

222 1855 395 1937 praecepta
418 1842 459 1916 ab
481 1850 656 1915 Aristotele
677 1851 865 1932 traduntur,
895 1849 1005 1935 cuius]
1012 1849 1291 1933 praestantissima
1314 1872 1365 1914 ex-

223 1963 329 2048 empla
351 1963 386 2026 in
408 1961 603 2045 Thucydidis
626 1960 769 2025 historiis
791 1961 826 2024 in
847 1959 1074 2024 Demosthenis
1097 1959 1306 2045 orationibus,
1329 1962 1365 2026 in

222 2073 366 2138 Platonis
389 2071 534 2156 dialogis,
567 2071 603 2134 in
626 2070 789 2136 Ciceronis
821 2069 966 2154 scriptis,
1001 2071 1036 2134 in
1058 2069 1188 2134 Horatii
1219 2070 1364 2155 epistulis

222 2183 443 2248 inveniuntur.
481 2181 611 2266 Itaque,
636 2202 707 2245 cum
728 2181 798 2245 viae
822 2201 859 2245 00
881 2180 1016 2244 rationis
1038 2181 1247 2265 gravissimus
1269 2181 1363 2246 nobis

222 2297 332 2360 auctor
354 2313 455 2377 esses,
478 2291 554 2377 quid
577 2291 663 2356 aliud
686 2293 821 2376 agebas,
846 2313 941 2376 quarn
963 2293 1000 2355 ut
1021 2312 1080 2356 000
1102 2293 1245 2356 veterum
1268 2291 1365 2357 disse·

220 2405 312 2470 rendi
333 2403 547 2468 subtilitatem
575 2403 614 2466 ad
644 2423 753 2466 corum
780 2402 878 2466 libros
905 2403 1166 2487 interpretandos
1187 2401 1364 2468 transferre

220 2514 368 2580 iuberes?
411 2514 496 2579 Nam
518 2513 612 2578 huius
643 2514 721 2578 artis
745 2513 928 2602 adiumento
957 2513 997 2577 ad
1020 2514 1149 2598 quaevis
1172 2513 1287 2578 altiora
1309 2513 1363 2578 ad-

221 2647 351 2711 surgere
373 2625 464 2689 licet:
497 2623 564 2688 sive
591 2623 626 2688 in
656 2623 763 2688 animo
792 2625 841 2688 est
862 2625 1006 2688 veterum
1033 2645 1137 2688 mores
1159 2627 1192 2688 00
1212 2623 1364 2689 instituta

221 2736 397 2820 explorare,
421 2734 486 2799 sive
508 2737 615 2798 tecum
638 2734 762 2818 cogitas
785 2734 989 2818 antiquitatis
1011 2724 1363 2800 monumentorum've·

220 2867 289 2910 ram
310 2845 452 2910 indolem
474 2847 506 2909 et
528 2846 679 2909 naturam
702 2866 904 2930 cognoscere,
928 2867 1009 2930 quae
1033 2848 1182 2930 corrupta
1205 2845 1237 2910 et
1252 2845 1363 2930 depra-

220 2959 294 3020 vata
309 2959 386 3020 sunt
401 2955 516 3040 videre,
540 2955 744 3040 supposititia
767 2975 786 3020 a
808 2956 958 3041 genuinis
980 2956 1178 3041 dignoscere,
1202 2956 1268 3021 sive
1282 2955 1363 3022 libet

222 3067 420 3151 superiorum
456 3066 656 3131 saeculorum
691 3067 842 3132 historias
875 3067 1046 3152 indagare,
1083 3067 1222 3132 latentes
1255 3089 1362 3132 rerum

221 3197 332 3242 000000
354 3176 525 3262 inquirere,
548 3176 748 3240 abditissima
769 3175 933 3240 hominum
958 3178 1091 3242 consilia
1112 3177 1359 3266 deprehendere,

218 3289 413 3353 inveteratas
436 3287 604 3371 opiniones
626 3285 736 3350 fallaci
757 3286 928 3372 fucatoque
950 3288 1055 3353 nitore
1078 3310 1202 3374 exuere,
1225 3291 1361 3375 denique

219 3399 258 3463 ad
280 3419 445 3481 summam,
468 3419 530 3482 qua
552 3400 663 3462 nostra
685 3400 774 3462 aetas
796 3399 1078 3484 gaudet,criticae
1094 3400 1173 3464 artis
1190 3399 1361 3485 perfectio·

217 3531 292 3574 nem
315 3509 474 3573 accedere.
845 3508 848 3512 ’
910 3583 912 3590 y

285 3610 389 3683 ‘Num
414 3619 531 3703 igitur,
565 3619 717 3703 quoniam
748 3621 798 3682 tot
831 3620 995 3704 tantisque
1022 3619 1160 3686 doctoris
1188 3622 1360 3688 virtutibus

217 3729 362 3814 florebas,
384 3727 501 3792 mirum
522 3728 622 3793 videri
644 3731 761 3814 potest,
784 3750 844 3794 nos
865 3731 901 3795 in
922 3752 1060 3816 magnae
1081 3731 1246 3798 felicitatis
1268 3737 1360 3818 parte

217 3861 351 3924 ponere,
386 3838 468 3923 quod
501 3838 571 3903 Tua
602 3839 789 3924 disciplina,
804 3841 947 3906 instituti
980 3841 1111 3906 sumus?
1154 3842 1207 3908 Illi
1241 3848 1357 3929 autem,

217 3951 339 4035 quibus⁴
353 3971 410 4034 per
431 3949 581 4014 fortunae
603 3950 841 4036 malignitatem
862 3974 929 4017 non
950 3951 1043 4017 licuit
1064 3952 1109 4018 Te
1132 3954 1256 4039 audire,
1279 3977 1358 4020 000-

217 4083 258 4126 00
280 4061 361 4126 0000
383 4060 476 4124 nobis
505 4060 685 4126 consultum
712 4061 925 4127 iudicabunt?
968 4063 1037 4127 ‘At'
1060 4063 1185 4148 inquies
1208 4067 1256 4128 ‘tu
1278 4065 1358 4130 mihi

216 4171 270 4236 vix
292 4171 371 4236 ullos
393 4170 536 4256 virtutis,
565 4172 757 4256 quamolim
782 4173 820 4237 de
841 4176 874 4238 te
896 4195 1113 4259 speraveram,
1141 4175 1300 4260 igniculos
1322 4177 1358 4241 in

217 4284 345 4366 pectore
368 4303 478 4367 gerere
506 4281 633 4347 videris.
678 4282 732 4348 An
764 4286 801 4375 ut
833 4285 1006 4350 multorum
1038 4284 1172 4350 eliorum
1205 4287 1252 4351 ita
1284 4291 1357 4352 tuos

217 4413 340 4477 quoque
361 4391 538 4478 industriae
560 4413 673 4458 nervos
697 4393 781 4459 elisit
795 4395 862 4462 vita
883 4395 1103 4478 umbratilisl'
1140 4395 1240 4474 ‚Bona
1260 4398 1357 4464 verba
