3334 5158
544 409 545 416 ,
672 369 885 434 ...25..

169 581 173 589 ·
207 545 318 612 Oicero
345 535 494 609 resoribit
520 542 546 607 Ι.
577 543 607 606 9.
631 541 691 606 20:
723 499 925 624 quomobrem
951 539 1018 606 ebes
1046 537 1182 624 (Crassi)
1209 559 1347 618 causam,
1458 605 1460 610 ,
1560 566 1562 571 ·

206 657 291 738 qood
310 661 338 721 tc
360 656 471 721 scribis
493 655 628 733 audisse,
652 673 771 736 mopoa
785 653 873 717 titios
887 627 1150 716 commendatione
1165 654 1348 733 susceptam,
1414 677 1416 684 ·

167 806 168 810 =
206 768 331 848 descadc'
351 768 390 853 ¹io
410 771 530 844 sonato,
553 765 634 830 sicot
654 783 724 829 meo
744 764 821 847 fides
836 762 1040 845 postulabat!
1070 759 1229 844 'Apparet
1250 759 1351 844 igitur

185 853 187 860 ¹
208 877 396 946 Ciceronem
411 879 546 960 utroque
561 875 630 940 loco
646 872 787 938 eiusdem
801 871 848 936 rei
862 856 1060 936 mentionem
1074 869 1191 954 facere,
1215 869 1351 935 eundem
1430 932 1432 936 .

206 987 357 1054 indicare
372 986 465 1069 diem,
487 1007 549 1070 quo
572 1007 629 1050 sua
650 984 686 1048 in
709 967 859 1050 Crassum
880 982 1029 1046 voluntas
1050 1002 1112 1045 nec
1133 980 1268 1044 obscura
1290 1002 1350 1044 nec

207 1097 376 1164 mediocris
399 1095 568 1179 exstiterit,
592 1115 654 1180 quo
678 1117 749 1160 oum
765 1073 948 1176 oonsulibus
963 1091 1135 1176 multisque
1150 1091 1351 1156 senatoribus

207 1229 266 1294 pro
289 1207 395 1274 Crassi
419 1207 629 1292 amplitudine
651 1203 873 1286 decertaverit.
910 1203 992 1268 Erat
1012 1202 1067 1268 ille
1089 1202 1172 1286 dies,
1195 1223 1257 1286 quo
1280 1223 1351 1265 cum

208 1318 274 1402 alii,
289 1320 358 1382 tum
372 1317 533 1382 Domitius
548 1315 782 1382 Ahenobarbus
798 1314 909 1380 consul
925 1309 1150 1397 contendebat,
1167 1315 1204 1377 ut
1219 1312 1351 1379 Crassus
1420 1384 1421 1390 ἵ

94 1415 97 1422 ’
208 1430 421 1509 revocaretur.
462 1426 553 1492 Illius
575 1427 637 1492 diei
659 1425 860 1492 notationem
882 1423 992 1490 Cicero
1015 1423 1193 1488 addendam
1215 1422 1351 1506 putavit.

208 1539 278 1604 Iam
300 1537 496 1623 intelligitur
517 1559 578 1622 quo
600 1537 675 1602 libri
698 1535 812 1620 optimi
833 1535 971 1620 vestigia
993 1534 1122 1600 duoant.
1157 1533 1248 1598 Illae
1271 1533 1352 1598 duae

209 1653 254 1716 aci
273 1649 413 1734 litterae,
437 1671 476 1714 ex
498 1649 652 1733 temporis
674 1647 838 1712 mentione
853 1645 939 1710 solae
954 1645 1096 1730 relictae,
1121 1667 1203 1730 cum,
1226 1666 1268 1709 ne
1282 1666 1353 1710 sen·

18 1763 19 1766 ’
104 1783 135 1802 ν·
191 1761 313 1826 'tentia
334 1781 462 1845 prorsus
486 1752 656 1844 carerent,
678 1759 714 1823 in
741 1779 845 1822 unam-
866 1778 977 1822 vocem
1006 1751 1192 1841 cessissent,
1223 1755 1352 1840 punctis

173 1929 177 1942 .
209 1862 319 1936 rursus
346 1871 562 1957 diiungendae
585 1871 671 1953 sunt,
694 1871 731 1933 ut
752 1866 939 1953 significent
952 1873 1032 1933 outo
1054 1869 1145 1933 diem.
1177 1866 1272 1933 Cuius
1288 1865 1351 1930 diei

209 1982 362 2070 memoria
385 2003 457 2047 oum
479 1984 512 2046 et
533 1980 595 2046 hoc
616 1981 686 2045 loco
713 1977 913 2044 interciderit
919 2027 943 2062 ,¹
958 1997 1019 2043 nec
1046 1977 1174 2043 aliunde
1202 1976 1351 2062 supersit,

209 2077 338 2158 initium
361 2093 518 2176 epistulae
539 2091 587 2156 ita
609 2090 812 2156 scribendum
836 2092 899 2154 est:

297 2203 458 2284 Quantam
479 2225 509 2268 a.
533 2205 563 2268 d.
585 2201 634 2240 Η
644 2201 664 2240 ⁴*
685 2223 788 2268 meam
809 2203 949 2268 modium
970 2201 1122 2272 exstiterit
1142 2221 1170 2264 e.
1194 2221 1225 2284 q.
1249 2220 1274 2298 s,

210 2373 212 2382 .
294 2313 469 2380 Manifesto
499 2317 532 2378 et
558 2314 651 2401 gravi
677 2313 793 2378 mendo
824 2313 974 2396 corrupta
1001 2313 1076 2374 sunt
1098 2332 1179 2396 quae
1200 2310 1355 2395 leguntur

210 2411 302 2490 VIH.
321 2424 376 2490 13:
399 2424 624 2490 ‘Transierrmt
645 2423 732 2508 illue,
756 2426 793 2488 ut
814 2423 898 2488 ratio
921 2424 1005 2486 esset
1027 2422 1094 2486 eius
1115 2420 1275 2505 habenda,
1299 2420 1354 2506 qui

212 2536 537 2626 nequeexeroitum,
554 2556 658 2620 neque
679 2533 861 2618 provincias
883 2532 1035 2597 traderet.
1081 2530 1353 2608 Quemadmodum
1453 2532 1455 2537 ’

210 2635 272 2711 lioe
286 2646 456 2730 Pompeius
477 2646 601 2710 laturus
617 2645 670 2729 sit,
695 2666 766 2709 cum
782 2646 964 2728 cognoscat,
986 2642 1139 2728 quidnam
1158 2641 1354 2727 reipublicae

79 2763 84 2766 ’
210 2755 354 2822 futurum
369 2755 422 2840 sit,
446 2756 474 2819 si
494 2754 573 2794 Μ
595 2758 652 2820 aut
673 2776 740 2818 non
756 2757 854 2839 curet,
878 2775 934 2818 vos
950 2775 1041 2818 senes
1057 2752 1171 2817 divites
1185 2751 1353 2818 videritis?

212 2866 276 2932 Res
298 2866 378 2931 haeo
394 2869 459 2931 est:
481 2865 700 2950 postulaverat
715 2864 841 2950 Caesar,
865 2867 902 2929 ut
925 2886 996 2930 oum
1019 2885 1058 2928 ex
1074 2862 1181 2928 Gallia
1202 2862 1353 2928 decedere

213 2977 324 3060 nollet,
348 2975 397 3041 sui
413 2977 555 3042 absentis
570 2977 653 3041 ratio
668 2977 840 3041 haberetur
855 2977 890 3040 in
911 2975 1067 3062 petitione
1091 2974 1284 3039 consulatus.
1315 2973 1352 3040 Id

213 3090 343 3152 senatus
358 3087 509 3170 frequens
524 3087 682 3171 probavit.
713 3087 893 3170 Pompeius,
918 3107 1100 3172 quanquam
1115 3107 1198 3150 unus
1213 3085 1355 3150 omnium

213 3198 350 3291 maxime
377 3195 529 3280 timebat,
563 3219 605 3260 ne
632 3196 749 3262 Caesar
782 3196 893 3262 consul
921 3197 1145 3282 designaretur
1170 3196 1355 3282 priusquam

213 3308 386 3374 exercitum
410 3309 443 3372 et
463 3306 661 3392 provinciam
682 3309 876 3392 tradidisset,
900 3310 1089 3373 tamennon
1109 3329 1204 3372 ausus
1220 3310 1269 3372 est
1284 3328 1355 3373 eum

140 3487 143 3492 ,
212 3421 416 3505 impugnare.
446 3417 550 3494 Quare
574 3417 700 3484 (laelius
722 3441 756 3484 se
778 3421 902 3484 nescire
925 3419 986 3504 ait,
1010 3418 1273 3503 quemadmodum
1295 3418 1356 3485 hoo

213 3529 395 3614 Pompeius,
420 3531 447 3594 si
470 3533 526 3594 aut
546 3551 700 3614 praesens
721 3529 756 3594 in
772 3532 886 3594 senatu
900 3552 967 3594 non
982 3529 1145 3614 impediat,
1169 3532 1225 3594 aut
1239 3530 1367 3616 absens⁸

214 3662 279 3704 non
303 3643 402 3724 curet,
426 3640 549 3706 laturus
572 3641 624 3707 sit.
654 3640 767 3725 Itaque
785 3641 1002 3706 consideranti
1016 3640 1104 3724 mihi,
1129 3641 1206 3725 quid
1221 3640 1354 3705 duorum

213 3751 439 3816 vocabulorum
465 3771 530 3817 ooo
556 3753 708 3836 impediat
733 3752 804 3816 loeo
835 3753 909 3836 apte
940 3752 975 3816 in
1008 3751 1202 3816 sententiam
1234 3750 1356 3816 includi

214 3861 331 3946 possit,
356 3864 389 3926 et
411 3861 592 3926 attendenti
615 3863 656 3926 ad
677 3862 751 3926 libri
773 3862 909 3927 Medioei
930 3862 1081 3946 frequens
1104 3863 1231 3926 errandi
1252 3884 1355 3948 genus

216 3972 482 4037 verisimillimum
512 3973 638 4037 videtur
665 3971 810 4038 Caelium
826 3973 1016 4061 scripsisse:
1052 3975 1080 4038 si
1107 3973 1194 4039 siaot
1214 3979 1271 4040 oat
1292 3995 1375 4040 aocc-

215 4087 307 4148 caret.
336 4081 569 4154 Verumtamen
584 4082 669 4148 hano
686 4083 901 4148 coniecturam
916 4083 1085 4148 subtimide
1102 4083 1175 4167 feci,
1199 4083 1266 4148 sola
1288 4083 1356 4148 fere

215 4194 324 4258 nitens
346 4193 471 4259 ratione
494 4194 851 4280 argumentationeque,
880 4216 940 4259 nee
967 4197 1004 4259 ut
1031 4215 1102 4258 eam
1130 4217 1202 4259 cum
1230 4195 1354 4278 ceteris,

216 4324 295 4388 quas
317 4303 446 4388 protuli,
471 4304 746 4373 emendationibus
768 4305 1022 4390 prorsus'eodem
1037 4305 1106 4370 loco
1121 4304 1233 4369 haberi
1247 4305 1353 4370 velim.

198 4412 254 4480 *Id
277 4413 363 4480 enim
380 4413 480 4485 Caelii
502 4415 671 4506 ingenium
693 4415 916 4504 scribendique
938 4437 1040 4503 genus
1062 4419 1120 4502 est,
1145 4415 1227 4506 quod
1250 4415 1358 4487 aTub
