3334 5158
757 355 1028 458 keo-

355 569 505 632 tenerent
527 569 559 631 et
582 565 765 630 commissas
788 563 942 629 aOatilio
960 563 1092 628 iniurias
1110 564 1377 647 persequerentur
1399 563 1502 626 aetio-

355 699 412 742 nes
440 677 586 762 publicas
614 677 680 741 sive
709 674 890 740 criminales
917 697 937 738 a
959 673 1092 739 Vatinio
1113 672 1331 757 postulabant.
1368 672 1413 737 Et
1435 672 1501 738 Va-

355 789 454 852 tinius
476 787 604 872 quidem
625 787 700 872 quid
722 784 867 850 faceret?
895 784 1081 869 Denegaret
1096 783 1142 848 eis
1157 782 1324 848 actiones?
1352 782 1503 848 Debebat

357 899 442 963 certe
466 900 512 962 eis
534 898 610 962 dare
631 899 823 983 potestatem
846 895 964 980 agendi
985 895 1020 958 in
1042 894 1179 958 iudiciis.
1211 892 1273 968 Sed
1295 894 1356 958 ait:
1394 895 1500 975 defen-

359 1009 446 1074 ditur
473 1031 495 1073 a
519 1007 553 1088 Q.
584 1008 727 1074 Volusio:
761 1010 795 1071 at
827 1007 862 1070 in
890 1006 1086 1088 actionibus3
1119 1010 1171 1070 tuo
1199 1005 1368 1087 disceptio:
1400 1009 1436 1069 at
1462 1005 1499 1068 in

357 1119 552 1201 actionibu13
574 1121 603 1183 si
623 1119 704 1199 sorte
719 1119 837 1200 poterit
857 1118 1056 1182 aduersarios
1075 1115 1206 1198 fugare:
1235 1117 1321 1180 certe
1343 1115 1378 1179 in
1400 1115 1500 1179 actio-

353 1229 459 1294 nibus.

437 1339 578 1404 Tantum
601 1337 817 1404 contentionis
839 1359 918 1422 opus
939 1337 1002 1402 fuit
1029 1358 1087 1420 pro
1110 1336 1280 1420 vocabule,
1310 1336 1393 1420 quod
1414 1358 1498 1401 nun-

320 1474 322 1478 ·
354 1471 450 1533 quam
465 1449 604 1514 Orellius
626 1457 808 1534 suspectum
829 1449 960 1512 reddere
983 1447 1129 1512 debebat.
1160 1446 1349 1530 Quanquam
1370 1446 1421 1511 vel
1443 1448 1498 1511 ad-

222 1643 224 1646 ·
353 1560 494 1643 spexisse
522 1559 611 1624 huno
637 1560 743 1624 locum
765 1560 844 1624 satis
867 1561 926 1642 est,
950 1561 987 1622 ut
1006 1558 1053 1622 ita
1075 1579 1147 1621 eum
1170 1557 1404 1622 emendandum
1426 1579 1498 1621 esse

352 1669 534 1754 intelligas:

438 1779 537 1860 ‘Quid
562 1782 627 1845 illis
648 1782 832 1863 respondere
848 1799 992 1863 possum,
1022 1781 1076 1860 qui
1103 1757 1163 1843 suo
1191 1781 1228 1843 ob
1256 1781 1338 1845 toea
1361 1781 1494 1862 direpto,

350 1911 447 1955 uoces
468 1896 671 1973 expugnatus,
693 1891 820 1971 fratres,
844 1891 964 1968 liberos,
981 1895 1131 1972 parentes
1152 1892 1265 1955 occisos
1287 1892 1422 1955 actiones
1443 1911 1495 1954 ec-

352 2001 535 2082 postularet?

438 2109 634 2194 Desperatus
656 2110 723 2174 fere
745 2111 833 2176 locus
856 2115 906 2175 est
926 2111 961 2176 in
990 2111 1054 2175 illis
1081 2109 1214 2194 litteris,
1243 2111 1356 2194 quibus
1384 2110 1497 2176 Cicero

355 2223 396 2284 A.
420 2220 592 2286 Caecinam
614 2222 695 2286 bene
718 2221 757 2285 de
779 2221 914 2286 Caesare
937 2243 1064 2306 sperare
1086 2221 1176 2285 iubet
1197 2220 1254 2285 VI.
1276 2221 1307 2286 5.
1331 2222 1368 2286 3:

274 2316 282 2322 l
440 2331 501 2394 ‘lla
515 2335 632 2396 natura
646 2353 752 2396 rerum
774 2335 824 2396 est
838 2335 871 2396 et
884 2333 912 2396 is
926 2336 1106 2416 temporum
1122 2353 1241 2416 cursus,
1263 2335 1379 2402 utnon
1394 2331 1497 2415 possit

340 2442 415 2533 ¹isto
437 2446 493 2507 aut
514 2442 575 2506 tibi
597 2444 653 2506 aut
676 2443 789 2507 oeteris
811 2443 941 2506 fortuna
963 2464 1031 2506 esse
1053 2441 1214 2525 diuturna,
1236 2463 1339 2525 neque
1363 2441 1496 2505 haerere

352 2552 386 2615 in
413 2555 481 2616 tam
508 2553 594 2617 bona
623 2575 719 2617 causa
747 2556 779 2617 et
805 2553 840 2616 in
868 2555 935 2616 tam
962 2552 1054 2616 bonis
1077 2553 1198 2618 civibus
1219 2555 1287 2616 tam
1309 2552 1425 2616 acerba
1447 2551 1496 2615 in-

351 2661 443 2726 iuria.
473 2661 578 2738 Quare
601 2663 642 2727 ad
664 2685 734 2754 eam
756 2685 862 2748 spem,
892 2684 987 2748 quum
1015 2667 1105 2727 extra
1132 2663 1276 2726 ordinem
1304 2662 1343 2726 de
1370 2665 1403 2725 te
1425 2661 1496 2746 ipso

351 2771 517 2856 habemus,
540 2795 606 2837 non
629 2775 731 2838 solnm
753 2776 884 2858 propter
905 2774 1099 2858 dignitatem
1122 2777 1155 2837 et
1175 2774 1328 2837 virtutem
1349 2775 1438 2836 tuam
1453 2811 1496 2820 —-

353 2882 435 2948 haee
457 2883 543 2948 enim
565 2888 756 2949 ornamenta
777 2888 854 2948 sunt
874 2885 935 2948 tibi
958 2885 1055 2948 etiam
1078 2905 1150 2948 oum
1172 2883 1242 2946 aliis
1258 2883 1438 2947 communia
1456 2921 1494 2930 —-

352 2993 511 3058 accedunt
532 2997 588 3058 tua
609 2995 792 3078 praecipua,
816 2997 947 3078 propter
969 2994 1119 3058 eximium
1141 2992 1309 3076 ingenium
1324 3013 1496 3074 summam-

352 3126 412 3190 que
434 3104 601 3189 virtutem,
632 3105 683 3169 oui
704 3105 901 3169 mehercules
922 3104 991 3189 hio,
1022 3104 1110 3169 ouius
1138 3104 1173 3166 in
1194 3105 1355 3189 potestate
1377 3126 1496 3189 sumus,

353 3213 489 3278 multum
510 3215 649 3280 tribuit!

436 3325 523 3389 Duas
546 3323 657 3390 Cicero
681 3347 792 3391 causas
822 3326 931 3408 affert,
964 3325 1079 3410 quibus
1109 3325 1343 3409 adduceretur,‘
1367 3326 1404 3388 ut
1430 3324 1496 3389 iam

351 3456 418 3499 non
440 3435 603 3500 dubitaret
617 3436 656 3499 de
671 3435 894 3501 incolumitate
908 3435 1068 3519 Marcelli3
1091 3458 1226 3520 quarum
1248 3435 1381 3500 alteram
1403 3434 1497 3500 duxit

352 3568 369 3609 e
391 3550 570 3630 temporrun
593 3545 734 3610 civilium
755 3549 872 3610 natura
894 3549 927 3610 et
948 3547 1088 3630 ratione,
1118 3547 1253 3611 alteram
1281 3568 1320 3610 ex
1347 3545 1403 3609 illa
1425 3567 1493 3630 spe,

351 3657 507 3740 quamde
529 3655 677 3721 Caecina
690 3658 895 3742 praecipuam
918 3660 1062 3742 ceperat,
1091 3679 1108 3721 e
1129 3657 1295 3741 praeclaro
1323 3658 1356 3720 et
1377 3655 1494 3719 eximio

352 3769 419 3830 eius
434 3767 576 3851 ingenio.
608 3767 754 3832 Alteram
776 3770 883 3832 autem
905 3768 960 3832 ubi
976 3768 1132 3852 exposuit,
1156 3768 1210 3851 qui
1230 3770 1338 3852 potest
1358 3787 1493 3850 pergere

299 3885 303 3892 '
352 3885 463 3959 ‘quare
483 3878 527 3941 od
546 3897 616 3942 eom
635 3897 729 3960 spem,
753 3899 849 3960 quoru
864 3883 953 3942 extro
973 3879 1114 3942 ordinem
1129 3879 1166 3942 olo
1180 3883 1207 3941 te
1221 3880 1288 3959 ipso
1302 3877 1492 3942 hebemus?’

350 3986 432 4051 Erat
453 3986 510 4050 illa
538 4008 626 4070 spes,
661 4009 756 4070 quam
784 4009 822 4050 ex
849 3990 1030 4071 temporum
1060 4009 1154 4052 cursu
1182 3991 1215 4052 et
1241 4008 1349 4051 rerum
1375 3989 1494 4052 natura

353 4097 501 4180 ducebat,
525 4097 672 4161 omnibus
689 4095 886 4182 eommunis‚'
899 4097 1032 4162 minime
1046 4099 1219 4182 praecipua
1228 4096 1395 4163 Caecinae.
1430 4097 1493 4162 Sed

354 4215 492 4291 augetur
505 4207 630 4289 vitium,
654 4207 849 4272 adiiciuntur
864 4208 950 4272 enim
965 4209 1062 4272 verba
1077 4210 1238 4273 ‘accedunt
1250 4213 1307 4272 tuo
1316 4210 1493 4291 preceque

351 4316 568 4403 (ornamento)
584 4322 714 4400 propter
735 4319 885 4383 ommium
907 4320 1068 4400 ingenium
1089 4339 1305 4400 summumque
1323 4320 1491 4384 uirtutem!

350 4425 456 4510 Igitur
478 4427 518 4490 ad
541 4449 612 4491 eam
634 4449 734 4512 spem,
758 4450 854 4513 quam
876 4430 967 4492 extra
982 4429 1126 4493 ordinem
1141 4430 1179 4492 de
1194 4432 1227 4492 te
1243 4429 1312 4512 ipso
1328 4429 1492 4515 habemus,
