3334 5158
836 388 1043 452 ,18-

446 558 486 622 11
509 557 558 621 his
582 556 752 641 dupliciter
775 556 894 621 erravit
915 557 964 621 vir
986 577 1141 621 summus:
1170 556 1324 640 primurn,
1348 557 1445 640 quod,
1470 560 1508 620 ut

363 668 439 752 dixi,
461 668 581 751 optimo
603 667 685 731 libro
707 689 773 732 non
796 669 939 751 tantum,
962 669 1117 751 quantum
1141 667 1293 750 debebat,
1315 666 1445 750 tribuit,
1469 669 1509 730 ut

363 778 413 843 vel
441 778 542 842 solum
572 778 686 842 ceteris
716 780 927 866 anteponeret
954 777 1112 842 omnibus.
1157 776 1247 853 Quod
1281 780 1388 841 autem
1419 777 1508 841 inter

364 888 498 954 Sunium
520 888 672 973 oppidum
695 890 727 953 et
749 887 883 954 Sunium
911 889 1077 974 regionem
1105 888 1293 974 distinguit,
1326 887 1505 972 rem‘onum,

363 1000 610 1084 provinciarum,
634 998 811 1064 insularum
833 999 992 1064 minorum
1014 998 1146 1064 nomina
1168 998 1302 1064 eandem
1317 997 1385 1062 fere
1399 997 1507 1084 legem

366 1111 455 1194 sequi
478 1112 614 1199 constat,
638 1131 734 1195 quam
755 1110 882 1174 urbium
904 1113 936 1175 et
958 1110 1156 1195 oppidorum.

448 1221 572 1286 Deinde
601 1221 730 1306 egregie
757 1220 883 1285 fallitur
910 1222 959 1286 vir
990 1221 1228 1304 celeberrimus,
1263 1219 1345 1305 quod
1373 1221 1506 1286 1111111111

363 1331 500 1396 formam
514 1331 585 1396 ideo
599 1331 751 1416 praefert,
769 1331 843 1416 quia
857 1331 1019 1417 significet
1033 1353 1080 1416 ea,
1104 1353 1184 1416 quae
1200 1331 1304 1395 adhuc
1318 1334 1506 1415 supersunt3

364 1443 455 1525 quasi
476 1463 552 1507 vero
573 1442 718 1508 haberem
739 1463 805 1507 non
820 1441 905 1506 idern
921 1441 1050 1506 valeret.
1081 1443 1202 1507 Annon
1225 1442 1308 1526 quod
1330 1443 1418 1506 recto
1440 1463 1506 1506 111-

364 1573 458 1616 mone
481 1552 630 1617 dicimus:
660 1553 779 1636 ecquod
801 1574 855 1617 rus
877 1551 994 1636 habes,
1017 1553 1052 1618 in
1074 1552 1219 1617 oratione
1242 1551 1369 1636 obliqua
1391 1552 1438 1616 ita
1461 1551 1506 1616 ef-

363 1662 528 1726 ferendum
564 1665 627 1727 est:
665 1663 793 1747 rogavit
819 1663 907 1746 (tac
934 1664 1058 1748 eccsit')
1092 1662 1213 1748 eoquod
1245 1683 1299 1726 rus
1329 1661 1506 1726 haberem?

363 1771 424 1856 Et,
448 1773 531 1857 quod
553 1773 695 1837 Faernus
717 1773 894 1838 rectissime
916 1773 1009 1857 dicit,
1033 1773 1137 1858 magis
1160 1774 1310 1838 convenit
1331 1774 1398 1837 tam
1420 1773 1506 1856 prio-

363 1883 461 1967 ribus,
485 1905 579 1968 quam
595 1883 651 1967 eis,
673 1905 754 1968 quae
777 1886 967 1968 sequuntur:
990 1889 1157 1963 1111111111,
1181 1885 1297 1948 merted
1318 1888 1423 1962 esseut,
1446 1884 1505 1948 to-

364 1993 463 2057 1111111
470 2043 478 2077 ,
501 1995 658 2076 periisset,
687 1995 858 2074 habuisset,
887 1999 994 2060 nosset.
1031 1992 1231 2058 Novissimus
1253 1993 1379 2078 quidem
1402 1992 1506 2058 editor

364 2105 403 2166 A.
420 2102 643 2168 Fleckeisenus
659 2125 784 2168 versum
799 2105 909 2188 talem,
933 2104 1060 2189 qualem
1082 2126 1178 2188 supra
1200 2104 1303 2189 posui,
1328 2103 1503 2187 constituit,

362 2213 562 2277 Lachmanni
583 2214 697 2298 opinor
720 2215 910 2279 auctoritate
932 2218 1048 2299 motus,
1071 2215 1125 2299 qui
1144 2216 1180 2279 in
1196 2213 1432 2280 Commentario
1447 2235 1505 2278 suo

361 2325 397 2387 in
431 2323 613 2388 Lucretium
641 2347 672 2409 1.
701 2326 774 2390 328.
817 2325 969 2389 Terentio
997 2325 1068 2390 Rus
1097 2325 1193 2392 Sunii
1225 2327 1340 2408 ecquod
1371 2325 1505 2390 luteum

362 2434 560 2518 eripiendum
582 2456 650 2499 esse
665 2438 775 2520 negat.
806 2436 853 2499 At
873 2435 1046 2521 quantulae
1068 2437 1119 2501 vel
1142 2437 1293 2500 audaciae
1315 2435 1366 2499 vel
1388 2457 1504 2519 operae

362 2547 411 2608 est
432 2544 596 2609 lenissima
623 2546 893 2632 transmutatione
922 2568 1048 2611 versum
1076 2546 1223 2611 omnibus
1245 2545 1386 2610 numeris
1414 2546 1504 2610 abso-

274 2713 285 2732 ,
362 2654 466 2720 lutum
487 2656 701 2742 Terentioque
723 2657 947 2742 dignissimum
968 2658 1017 2722 ita
1038 2657 1231 2723 constituere

447 2764 516 2830 Rus
532 2767 653 2850 ecquod
669 2766 748 2832 Suni
769 2767 930 2853 haberem,
954 2771 987 2832 et
1008 2790 1104 2852 quam
1125 2767 1222 2853 longe
1244 2789 1263 2831 a
1285 2767 1417 2852 marim)

451 2873 490 2939 In
506 2869 686 2961 1111111111,
704 2900 799 2962 quam
814 2877 924 2953 Cicero
940 2879 979 2942 ad
995 2878 1164 2943 Plancium
1179 2879 1277 2962 dedit,
1300 2878 1426 2962 epistul.
1443 2875 1501 2943 IV.

363 2987 403 3053 15
417 2986 505 3054 hisce
521 3008 592 3051 eum
608 2988 802 3073 cohortatur,
818 2991 855 3054 ut
871 3010 1069 3054 communem
1083 2988 1247 3052 fortunam
1262 2987 1389 3053 fortiter
1402 2988 1502 3054 ferat:

445 3175 471 3242 *)
489 3174 567 3229 Haec
585 3175 754 3242 emendatio,
772 3191 807 3230 11
825 3177 890 3244 1111
907 3173 1089 3229 novissimum
1101 3174 1144 3228 Fn
1158 3174 1503 3244 Bticheleripraeoeptum

360 3258 496 3313 derelicta
514 3276 531 3312 a
548 3258 629 3313 nobis
646 3259 784 3327 videatur,
801 3259 892 3314 tribus
910 3260 1003 3315 verbis
1021 3259 1128 3314 tuenda
1145 3261 1195 3314 est.
1225 3260 1252 3313 11
1270 3259 1345 3314 enim
1362 3259 1501 3314 inlibello
1537 3281 1544 3288 ·

360 3359 410 3397 suo
435 3341 584 3397 Grundriss
612 3344 662 3398 (111
688 3343 738 3398 111.
761 3344 868 3399 Declin.
892 3344 1026 3413 inscripto
1054 3343 1305 3413 ethonaefrugis
1327 3343 1501 3413 1111111111

361 3427 429 3481 Suni
447 3428 476 3482 11
488 3428 566 3482 Sunii
582 3427 686 3482 formas
704 3429 745 3482 ita
762 3428 836 3484 inter
853 3446 882 3484 11
901 3429 1013 3484 differre
1032 3429 1212 3496 existimavit,
1229 3430 1263 3482 ut
1280 3429 1399 3484 alteram
1416 3446 1500 3498 gene-

358 3511 450 3566 tivum
468 3529 571 3578 casum,
590 3511 710 3568 alteram
727 3513 882 3568 locativum
900 3530 959 3569 esse
978 3514 1092 3580 diceret,
1111 3512 1144 3567 of.
1164 3530 1191 3582 p.
1205 3517 1245 3567 61.
1280 3513 1335 3568 Sed
1352 3531 1500 3584 perperam

359 3596 439 3651 dixit.
473 3596 547 3651 Nam
564 3597 689 3652 Terentii
712 3600 805 3653 aetate
829 3598 996 3667 oppidorum
1018 3597 1220 3652 vocabulorum
1242 3599 1361 3668 genitivi
1383 3615 1462 3652 casus
1485 3620 1501 3652 1

358 3680 489 3735 locativis
505 3682 597 3736 forma
615 3682 729 3750 quidem
746 3700 802 3737 non
820 3683 997 3738 differebant.
1027 3683 1108 3738 Certe
1127 3682 1177 3751 qui
1193 3682 1310 3739 locativi
1327 3700 1407 3737 casus
1425 3685 1501 3752 apud

359 3765 522 3820 Terentium
544 3766 678 3835 leguntur
698 3767 796 3822 Lemni
813 3767 905 3822 Mileti
922 3767 1027 3835 Rhodi,
1050 3785 1098 3823 eos
1119 3770 1181 3822 tum
1203 3767 1318 3836 quidem
1339 3784 1421 3822 nemo
1443 3767 1500 3820 iam

359 3850 500 3905 sentiebat
522 3851 655 3906 orationis
677 3852 769 3906 forma
790 3851 903 3906 differre
926 3869 943 3904 a
964 3851 1112 3919 genetiuis.
1149 3851 1233 3908 Cuius
1255 3851 1421 3906 discriminis
1442 3867 1499 3904 me-

358 3933 476 3988 moriam
488 3935 546 3989 iam
558 3937 618 3990 tum
631 3936 733 3990 abiisse
745 3952 837 4002 neque
850 3952 883 3990 eo
895 3936 1083 4004 redarguitur,
1102 3937 1179 4004 quod
1190 3937 1341 3990 nonnullae
1353 3935 1499 4001 formulae,

358 4017 460 4085 quibus
481 4021 593 4089 tempus
610 4019 751 4075 indicatur
773 4020 853 4076 velut
878 4021 1011 4089 temperi,
1038 4020 1177 4088 diequinti
1203 4021 1308 4074 diutius
1329 4021 1499 4075 manserunt.

357 4103 475 4158 Accedit
493 4105 582 4173 quod,
600 4105 678 4159 utin
695 4105 798 4160 11111111
816 4104 1004 4160 Ciceronianis
1021 4123 1066 4160 me
1084 4107 1210 4172 teneam,
1233 4105 1383 4160 Philomeli
1401 4106 1431 4159 et
1447 4105 1499 4159 hoc

357 4187 419 4241 Ioco
437 4190 467 4242 et
483 4189 558 4256 XIII,
575 4196 608 4245 43
626 4207 706 4244 casus
723 4189 862 4244 locativus
880 4192 930 4245 est.
959 4190 1087 4259 Denique
1104 4190 1205 4244 nititur
1224 4189 1296 4243 illud
1316 4191 1500 4259 praeceptum

357 4271 466 4326 duobus
483 4275 595 4328 tantum
612 4274 689 4341 Iocis,
707 4291 826 4342 quorum
844 4275 952 4336 altera
968 4275 1049 4329 nobis
1066 4276 1151 4330 certis
1169 4275 1259 4329 causis
1271 4275 1437 4329 emendatus
1450 4277 1498 4340 est,

357 4355 429 4410 alter
446 4357 588 4412 Ennianus
607 4359 744 4413 eiusmodi
766 4361 821 4427 est,
844 4376 900 4427 quo
922 4359 993 4412 nihil
1016 4360 1128 4414 omnino
1149 4359 1262 4414 fundari
1283 4359 1381 4429 possit.
1416 4359 1499 4414 Caret

356 4440 443 4510 Igitur
459 4441 531 4497 illud
548 4444 732 4513 praeceptum
750 4445 779 4499 et
795 4443 904 4500 ratione
923 4446 952 4501 11
968 4445 1160 4500 fundamento.
