3334 5158
808 379 1020 444 -32..

337 547 560 612 offenderetur.
597 545 638 611 In
661 548 809 612 contione
832 548 959 633 quidem
974 548 1082 613 Pansa
1104 548 1186 612 dixit
1207 550 1344 613 matrem
1358 571 1485 635 quoque

337 661 426 723 tuam
449 661 482 723 et
502 657 637 722 fratrem
658 657 748 722 illam
770 681 789 722 a
810 681 862 723 me
883 659 1080 724 sententiam
1094 659 1236 723 noluisse
1251 659 1325 724 dici.
1357 658 1418 725 sed
1432 683 1486 724 me

337 767 418 833 haec
440 791 507 833 non
527 769 717 852 movebant3
746 768 810 833 alia
832 769 1001 836 malebam.
1032 769 1192 834 Favebam
1221 772 1254 834 et
1278 769 1484 855 reipublicae,

338 881 389 943 cui
412 900 537 963 semper
558 879 624 944 favi
648 881 680 945 et
702 879 854 963 dignitati
878 902 915 944 ac
938 879 1061 966 gloriae
1083 884 1182 944 tuae!

422 989 462 1054 In
484 989 534 1054 his
557 990 656 1054 miror
677 1012 743 1054 non
765 989 934 1055 ofiendisse
957 1013 1147 1075 quemquam
1162 991 1295 1055 verbum
1316 973 1480 1056 muletam.

339 1102 394 1164 An
417 1100 580 1165 Ciceronis
614 1101 723 1186 agitur
755 1100 926 1166 voluntas?
970 1100 1051 1176 Quid
1085 1101 1216 1166 tandem
1249 1100 1362 1166 Cicero
1394 1124 1484 1186 prae-

338 1210 489 1295 optaret?
518 1209 609 1275 Nihil
625 1215 725 1296 certe,
749 1212 803 1276 scd
826 1212 861 1276 in
883 1212 1102 1277 concionando
1123 1213 1280 1296 potiorem
1302 1213 1363 1276 sibi
1384 1191 1485 1277 inisse

339 1321 419 1386 dicit
439 1320 635 1405 reipublicae
663 1321 798 1388 salutem
822 1322 986 1408 Cassiique
1014 1322 1223 1407 dignitatem,
1258 1344 1353 1407 quam
1381 1321 1485 1387 Servi-

337 1431 415 1496 liam
442 1431 678 1517 mulierculam,
701 1432 878 1518 timentem,
901 1456 943 1498 ne
965 1433 1090 1498 Pansae
1112 1435 1236 1496 animus
1259 1433 1483 1498 offenderetur.

338 1542 442 1618 Quare
463 1541 524 1606 tibi
547 1543 657 1626 quovis
679 1543 783 1627 pretio
805 1543 946 1628 spondeo
969 1544 1156 1609 Ciceronem
1184 1543 1365 1626 scripsisse:
1403 1543 1487 1608 ‘Sed

337 1675 386 1718 me
407 1654 483 1718 hoec
503 1673 569 1717 aon
589 1653 761 1732 movebant,
786 1656 853 1718 otiu
875 1656 1043 1720 candeat!

421 1762 632 1848 Litterarum,
667 1785 746 1848 quas
773 1762 883 1829 Cicero
912 1765 951 1828 ad
981 1764 1150 1831 Caesarem
1179 1764 1322 1848 scripsit,
1355 1763 1484 1828 initium

338 1873 484 1959 pluribus
506 1874 716 1938 incommodis
739 1874 901 1940 adfectum
923 1875 988 1940 iam
1010 1875 1064 1939 diu
1090 1874 1191 1939 doctis
1220 1873 1403 1938 hominibus
1430 1897 1484 1940 ne·

342 1985 467 2068 gotium
488 1983 629 2048 facessit.
675 1983 720 2046 Hi
741 1987 846 2048 autem
874 2007 979 2070 neque
1000 1985 1208 2069 perviderunt
1229 1985 1352 2068 omnia,
1381 2006 1485 2068 neque

339 2095 390 2158 ita
411 2095 666 2179 castigaverunt,
699 2098 736 2158 ut
764 2095 848 2158 nihil
875 2095 967 2160 nobis
989 2095 1104 2180 reliqui
1125 2095 1279 2159 facerent.
1324 2093 1376 2158 Ita
1397 2095 1484 2158 enim

339 2204 428 2270 XIII.
454 2205 504 2268 16.
528 2205 665 2268 editores
680 2204 871 2270 Turiccnses
892 2206 990 2270 verba
1013 2205 1240 2270 exhibuerunt:
1264 2203 1317 2268 ‘P.
1335 2204 1485 2270 Crassum

341 2337 379 2378 ex
402 2316 490 2378 omni
512 2315 681 2378 nobilitate
710 2314 943 2380 adolescentem
972 2315 1069 2380 dilexi
1098 2316 1287 2401 plurimum,
1322 2317 1354 2378 et
1381 2336 1420 2378 ex
1447 2335 1485 2378 eo

342 2447 414 2489 cum
441 2425 484 2489 ab
510 2425 643 2488 ineunte
671 2425 738 2489 eius
767 2428 872 2490 aetate
894 2427 976 2492 bene
1005 2428 1215 2510 speravissem
1237 2428 1305 2490 tum
1326 2436 1412 2510 'sper
1433 2447 1485 2489 me

340 2535 533 2616 existimare,
558 2535 647 2620 coepi
665 2531 729 2620 [ex]
745 2535 785 2598 iis
800 2535 936 2620 iudiciis,
958 2519 1038 2620 quae
1054 2537 1092 2601 de
1108 2559 1145 2600 eo
1160 2537 1293 2620 feceras
1319 2535 1483 2620 cognitis.²

423 2644 597 2708 Lambinus
614 2645 765 2709 coniecit:
786 2651 853 2710 tera
869 2623 981 2728 optime
995 2649 1175 2712 existimare
1189 2649 1280 2730 coepi,
1298 2645 1484 2710 Schiitaius:

341 2761 408 2820 tum
424 2756 559 2837 perbene
587 2758 766 2820 cristianae
788 2777 812 2820 e.
858 2755 920 2832 Sed
948 2757 1012 2820 alia
1040 2760 1089 2821 est
1118 2755 1308 2840 difficultas,
1338 2756 1421 2840 quod
1448 2756 1485 2819 in
1512 2788 1514 2792 ·

245 2891 247 2894 ·
343 2865 451 2930 codice
473 2864 617 2928 Mediceo
638 2865 758 2950 legitur
779 2886 817 2929 en
838 2868 887 2930 iia.
923 2865 1001 2941 Quis
1023 2867 1110 2931 enim
1131 2888 1272 2950 unquam
1293 2866 1339 2930 ita
1360 2865 1485 2930 locutus

342 2975 415 3040 est?
444 2975 555 3046 Potuit
578 2973 689 3040 Cicero
711 2975 816 3039 dicere
839 2979 909 3040 aut:
931 2979 973 3041 e's
993 2979 1129 3057 indiciis,
1153 2973 1233 3060 quae
1254 2977 1291 3040 de
1312 2997 1344 3041 eo
1364 2976 1485 3056 ferens

346 3088 490 3170 capnitis,
515 3089 587 3150 aut:
612 3107 649 3150 ea
669 3088 725 3164 iic,
749 3107 830 3168 quoe
852 3089 888 3151 de
909 3108 943 3152 eo
962 3087 1096 3167 feceras,
1118 3089 1253 3166 indicite,
1276 3108 1342 3150 non
1363 3087 1485 3169 potuit:

340 3197 603 3275 eximietatis,
635 3217 715 3277 qaae
737 3198 774 3260 de
800 3217 834 3262 eo
860 3198 987 3278 feceras,
1019 3200 1157 3280 capnitis.
1202 3197 1298 3261 Mitto
1325 3196 1486 3282 duriorem

339 3305 441 3370 videri
463 3327 500 3370 ea
520 3306 809 3390 praepositionem,
837 3329 909 3372 cum
932 3307 1043 3371 eadem
1065 3309 1115 3372 bis
1137 3307 1280 3392 proxime
1302 3305 1484 3390 antecedat,

340 3419 536 3501 quapropter
564 3416 605 3480 ab
633 3415 705 3479 aliis
733 3417 906 3481 editoribus
934 3418 1066 3502 expulsa
1094 3420 1143 3481 est
1172 3418 1212 3481 ab
1234 3416 1353 3482 Orellio
1376 3419 1486 3480 autem

340 3527 432 3592 uncis
454 3526 587 3590 inclusa.
624 3525 684 3592 Sed
708 3548 774 3590 non
796 3527 1116 3611 praetermittendum
1138 3527 1218 3592 duco
1233 3527 1410 3590 Mediceum
1434 3547 1485 3594 co,-

342 3639 445 3702 dicem
467 3636 520 3702 hic
542 3639 670 3722 praeter
698 3638 961 3702 consuetudinem
988 3641 1030 3703 iis
1056 3638 1190 3722 habere,
1224 3659 1291 3702 non
1319 3639 1370 3716 eie,
1398 3637 1484 3700 unde

340 3747 533 3832 perspicitur
555 3751 668 3812 natum
689 3749 731 3812 iis
751 3769 929 3831 pronomen
951 3771 1019 3813 esse
1040 3748 1321 3812 exterminatione
1336 3746 1486 3810 adiectivi

339 3859 375 3922 in
397 3858 618 3942 prioreparte
641 3857 817 3940 depravati.
861 3858 981 3943 Ecquis
1004 3861 1053 3922 est
1074 3858 1189 3943 igitur,
1215 3857 1265 3922 cui
1287 3858 1416 3922 dubium
1438 3857 1483 3921 vi-

342 3968 411 4032 deri
433 3968 544 4052 possit,
569 3967 648 4052 quin
671 3968 848 4032 certissima
869 3971 902 4032 et
917 3969 1157 4054 elegantissima
1171 3969 1393 4033 emendatione
1407 3969 1485 4032 scri-

341 4077 481 4142 bendum
503 4078 545 4142 sit
567 4079 713 4144 eximtis?
747 4077 837 4144 Haec
859 4079 960 4164 igitur
975 4078 1099 4144 Cicero:
1124 4079 1162 4144 P.
1181 4079 1331 4146 Crassum
1346 4099 1383 4143 ea
1397 4081 1486 4144 emat

341 4189 503 4255 nobilitate
518 4190 736 4254 adolescentem
750 4189 846 4254 ditent
854 4191 1041 4274 plurimam,
1065 4195 1095 4254 et
1104 4191 1150 4254 'ee
1170 4211 1203 4255 eo
1219 4184 1289 4254 eum
1304 4190 1343 4254 ab
1358 4191 1486 4254 ineunte

344 4302 410 4364 eius
432 4305 532 4364 aetate
554 4301 627 4365 deae
647 4281 860 4384 speravisaem,
883 4307 950 4366 tum
963 4322 1064 4384 nuper
1078 4302 1191 4383 aptiore
1205 4301 1385 4364 existimare
1400 4302 1486 4382 coepi

340 4409 465 4478 eximiis
491 4411 632 4492 iudiciis,
666 4432 747 4494 quae
774 4413 811 4478 de
837 4433 870 4477 eo
895 4411 1015 4493 feceras
1041 4412 1214 4510 ceperitis!¹
1237 4409 1350 4492 Nuper
1377 4399 1512 4476 autem
