3334 5158
759 408 970 472 ..10-

289 577 355 663 peii
376 578 560 663 voluntatis,
583 578 899 644 animadvertebatur
918 577 1063 664 Pompeii
1085 579 1259 643 familiares
1282 580 1432 644 assentiri

289 688 450 755 Volcatio
474 685 668 753 'laboratur
688 689 911 773 vehementer,
946 690 1103 754 inclinata
1125 711 1175 754 res
1198 692 1257 754 est.
1301 689 1432 756 Libonis

290 802 323 864 et
344 798 488 883 Hypsaei
514 821 581 864 non
602 800 737 864 obscura
766 787 966 864 concursatio
988 803 1020 864 εὴ
1043 799 1207 864 contentio
1227 801 1432 887 omniumque

289 909 434 994 Pompeii
455 909 663 974 familiarium
691 909 830 974 studium
853 910 888 974 in
910 891 980 974 dam
1002 910 1185 994 opinionem
1206 931 1274 974 rem
1297 911 1432 978 adduxe-

290 1023 377 1104 runt,
400 1023 437 1085 ut
458 1019 628 1104 Pompeius
651 1041 766 1104 cupere
788 1020 957 1085 videatur.’

373 1130 413 1195 In
435 1131 549 1215 quibus
572 1152 610 1194 ea
630 1131 738 1214 verba,
762 1152 843 1215 quae
864 1131 931 1196 fere
954 1134 1095 1196 extrema
1118 1131 1208 1196 sunt:
1232 1133 1431 1200 animadver-

289 1242 413 1307 tebatur
435 1240 579 1324 Pompeii
598 1241 779 1322 familiares
800 1243 948 1307 assentiri
970 1242 1107 1308 Volcatio
1131 1241 1346 1326 suspicionem
1368 1266 1433 1308 me-

289 1351 352 1415 rito
374 1354 514 1416 movent.
559 1349 642 1426 Quid
671 1351 773 1435 enim,
807 1354 844 1416 ut
873 1352 1067 1416 sententiam
1096 1353 1291 1438 examinem,
1324 1354 1359 1417 in
1388 1353 1433 1418 eis

289 1462 384 1545 inest,
408 1461 492 1546 quod
513 1482 580 1526 non
602 1460 730 1526 dictum·
745 1462 788 1526 sit
808 1462 843 1526 in
859 1463 1073 1547 superioribus
1089 1466 1121 1528 et
1135 1462 1236 1527 multo
1251 1464 1432 1529 accuratius

289 1571 410 1636 dictum
438 1574 471 1635 ct
498 1571 601 1656 magis
629 1571 783 1636 definite?
826 1571 909 1648 Quid
935 1573 1050 1637 iterum
1078 1573 1113 1636 in
1134 1575 1318 1640 universum
1340 1573 1432 1638 Pom-

288 1681 353 1766 peii
374 1681 549 1746 familiares
565 1681 713 1747 Volcatio
728 1683 877 1746 assentiri
892 1683 1052 1767 dicuntur,
1077 1706 1148 1748 oum
1164 1685 1217 1768 qui
1232 1684 1294 1748 duo
1310 1686 1432 1750 assensi

290 1792 356 1856 sint
377 1791 485 1877 Lupus
511 1795 544 1858 et
565 1776 721 1858 Afranius
749 1793 814 1857 iam
842 1793 999 1858 nominat'
1061 1795 1129 1858 sint
1156 1794 1335 1878 appellati?
1377 1795 1432 1860 An

289 1905 416 1987 praeter
437 1903 562 1988 Lupum
591 1906 623 1968 et
644 1903 815 1968 Afranium
841 1905 979 1989 reliquos
1007 1905 1152 1989 Pompeii
1179 1904 1355 1971 familiares
1383 1909 1431 1971 in-

289 2013 394 2079 dicare
416 2015 518 2079 voluit
540 2035 685 2078 assensos
709 2036 777 2078 esse
798 2014 970 2080 Volcatio?
1014 2016 1059 2080 At
1080 2015 1119 2080 de
1146 2015 1197 2080 his
1219 2015 1306 2080 infra
1328 2038 1431 2082 sermo

289 2127 352 2189 est:
390 2124 523 2190 Libonis
549 2130 578 2190 et
598 2124 742 2208 Hypsaei
763 2147 828 2191 aaa
849 2127 981 2192 obscura
1009 2129 1203 2192 coacarsatio
1230 2133 1259 2193 et
1280 2130 1431 2194 coateatio

289 2237 490 2317 omniumque
518 2235 662 2318 Pompeii
686 2236 903 2317 familiariora
930 2238 1078 2302 startiam.
1123 2237 1222 2302 Porro
1250 2237 1325 2321 quid
1351 2238 1432 2302 illud

289 2344 351 2409 sibi
386 2346 455 2410 vult
491 2347 763 2412 animadvertere?
825 2346 912 2412 Num
948 2347 1264 2439 animadvertebatur
1290 2348 1431 2433 potius?

289 2454 387 2531 Quasi
408 2455 458 2520 illi
479 2456 612 2520 obscure
635 2456 775 2540 egerint,
806 2459 896 2541 quasi
923 2479 990 2521 non
1016 2458 1116 2522 libere
1144 2457 1338 2522 sententiam
1360 2480 1431 2543 pro·

288 2565 366 2630 fessi
388 2565 463 2650 sint,
486 2588 541 2631 suo
562 2587 615 2632 ore
632 2567 851 2651 clamaverint,
875 2568 1002 2652 suisque
1017 2567 1128 2632 testati
1143 2567 1210 2632 sint
1224 2569 1431 2634 nominibus?

289 2675 401 2761 Neque
423 2698 498 2741 vero
519 2678 605 2741 inter
627 2699 675 2762 ea,
699 2699 780 2762 quae
803 2678 853 2742 vel
874 2678 1070 2745 antecedunt
1084 2679 1134 2742 vel
1155 2682 1341 2764 sequuntur,
1365 2680 1431 2744 ulla

291 2785 494 2852 cohaerentia
522 2788 736 2872 cognoscitur.
781 2789 946 2855 Postremo
980 2791 1116 2875 augetur
1150 2789 1248 2854 etiam
1280 2790 1429 2874 auspicia,

290 2897 318 2962 si
338 2897 410 2981 ipsa
432 2899 528 2962 verba
552 2897 745 2964 consideras.
784 2899 868 2964 Sunt
888 2900 945 2963 illa
966 2899 1094 2985 quidem
1116 2900 1229 2983 latina,
1252 2920 1319 2964 non
1334 2922 1428 2986 nego.

289 3007 336 3072 At
364 3007 441 3091 quid
474 3029 574 3072 unum
606 3008 828 3093 imperfectum
860 3012 985 3094 tempus
1018 3010 1325 3076 animadvertebatur
1346 3012 1431 3076 inter

289 3120 339 3182 tot
360 3119 552 3202 praesentia,
576 3121 612 3183 ut
633 3119 704 3204 ipsa
719 3120 876 3184 mirentur
890 3141 952 3204 quo
967 3122 1061 3204 pacto
1078 3119 1310 3184 convenerint?
1338 3120 1431 3184 Adde

290 3228 443 3293 orationis
464 3228 666 3294 ieiunitatem
688 3233 720 3294 εὴ
741 3230 931 3314 infantiam,
961 3232 997 3294 ut
1019 3229 1138 3294 eisdem
1160 3229 1265 3294 verbis
1286 3217 1431 3314 repetitis

291 3337 441 3402 efferatur
462 3339 634 3403 sententia.
679 3339 811 3405 Adeone
838 3341 1026 3424 scriptorem
1053 3340 1191 3403 latinum
1215 3339 1376 3404 balbutire
1399 3344 1432 3405 et

290 3448 477 3514 Ciceronem
497 3447 681 3514 balbutire?
710 3450 772 3516 Sed
793 3451 858 3514 iam
873 3451 952 3514 satis
967 3449 1201 3514 demonstrasse
1222 3449 1302 3514 mihi
1322 3450 1432 3515 videor

290 3559 353 3623 ista
374 3558 472 3623 verba
495 3581 563 3624 esse
583 3559 705 3644 inania,
729 3561 850 3645 inepta,
874 3561 1007 3644 inculta,
1031 3560 1166 3644 denique
1182 3581 1230 3644 ea,
1253 3582 1334 3645 quae
1348 3583 1430 3624 mar-

290 3669 361 3754 gini
383 3669 590 3754 adscripserit
611 3671 786 3756 quispiam,
816 3671 870 3756 qui
897 3671 997 3736 totius
1020 3671 1251 3736 enuntiationis
1274 3693 1429 3736 summam

289 3779 392 3844 tribus
414 3779 519 3844 verbis
542 3779 809 3864 comprehendere
831 3782 936 3846 vellet.
945 3782 976 3865 *l

373 3889 484 3954 Idibus
505 3889 664 3954 Ianuariis
690 3914 719 3957 a.
743 3892 805 3956 698
828 3913 899 3956 cum
922 3892 956 3955 in
979 3894 1094 3956 senatu
1120 3892 1327 3956 altereatione
1349 3892 1429 3956 Len-

289 3999 350 4064 tuli
379 4000 518 4065 consulis
546 4003 578 4064 et
605 3999 733 4067 (laminii
759 4002 882 4066 tribuni
909 4002 1011 4086 plebis
1045 4003 1111 4068 dies
1143 4003 1190 4067 ita
1224 4010 1429 4087 consumptus

290 4113 388 4192 esset,
418 4113 454 4174 ut
475 4110 529 4175 ille
552 4133 591 4176 ex
612 4109 720 4176 Bibuli
748 4113 908 4177 sententia
935 4134 1045 4198 regem
1069 4134 1171 4197 neque
1195 4133 1266 4177 oum
1289 4112 1430 4178 exercitu

375 4280 401 4348 ³¹³)
419 4280 543 4335 Probata
565 4281 608 4336 est
629 4281 700 4336 hacc
722 4283 817 4336 nostra
839 4283 979 4336 sententia
1001 4282 1033 4336 G.
1051 4281 1213 4336 Meutznero
1235 4280 1265 4334 in
1288 4282 1347 4336 eius
1366 4299 1428 4336 oen-

290 4381 355 4418 sura
373 4365 428 4420 Cio.
447 4365 527 4434 epist.
546 4366 582 4421 ad
599 4367 658 4420 Att.
677 4366 720 4421 ed.
738 4367 763 4421 J.
776 4367 804 4422 C.
817 4366 850 4421 G.
865 4366 939 4422 Boot
956 4367 990 4422 of.
1008 4365 1181 4422 Fleckeiseni
1197 4365 1294 4420 Jahrb.
1311 4367 1331 4421 f.
1349 4366 1428 4420 class.

290 4448 361 4506 Phil.
381 4454 454 4511 1867,
472 4450 539 4506 fasc.
559 4457 598 4506 10.
616 4467 644 4522 p.
662 4455 720 4506 697.
1120 4463 1121 4467 ’
